2940 4492
23 4102 97 4232 Ἰὶ

730 164 771 228 58

171 341 291 425 syllaba
326 342 552 425 incipientibus.
608 341 835 425 θον-κεφάλας
867 348 974 408 autem
1015 364 1133 409 nomen
1166 345 1332 427 proprium

172 450 320 530 frequens
348 448 477 529 legitur,
507 449 613 532 Lysias
640 448 856 532 βαυκεῳάλιον
876 471 1003 533 quoque
1025 452 1057 516 in
1078 471 1172 516 usum
1194 452 1330 529 vocarit,

170 554 305 619 formam
337 555 564 620 deminutivam
597 557 682 621 vocis
714 558 927 638 βουκέφαλοςι
962 559 1047 622 unde
1077 561 1211 641 apparet
1242 559 1331 622 illam

169 680 280 725 vocem
308 665 375 725 tum
405 664 553 744 temporis
582 664 645 727 iam
676 663 771 727 fuisse
795 668 920 740 notam,
952 667 993 728 ab
1022 665 1235 748 Aristophane
1261 686 1330 741 non

169 767 348 846 formatam,
370 769 425 832 sed
446 769 542 833 literis
564 770 735 834 inductam.
1132 752 1135 761 ’

254 877 448 952 rac-nortgo
476 875 526 939 vel
553 883 721 947 σαι-αονέω
748 878 776 941 fr
796 877 873 953 674,
908 877 1042 940 verbum
1071 878 1221 942 movendi
1249 897 1327 955 sese,

168 981 300 1046 fortasse
322 1003 360 1046 ex
382 992 480 1044 κανέα
503 986 534 1047 et
557 1004 598 1045 σα
620 984 679 1064 (ζα,
702 983 766 1062 σαι)
788 983 909 1065 syllaba
928 984 969 1047 ad
990 984 1247 1065 amplificandam
1262 985 1328 1053 vim

166 1089 274 1168 addita
296 1091 429 1154 constat.

246 1194 620 1276 λα-κατα-πύγωνΑ661,
628 1197 856 1278 amplificatum
866 1197 1111 1262 estadiectivum
1119 1197 1328 1277 καταπύγων,

247 1301 414 1386 eri-oiyqroc
434 1304 462 1378 N
483 1304 553 1381 276,
576 1302 831 1386 παλιγκάπηλος
850 1304 886 1368 ΡΙ
907 1305 995 1381 1156,

246 1409 429 1492 κατω-ααῗκη
449 1410 474 1474 L
498 1412 588 1488 1151,
609 1411 704 1475 vestis
724 1412 883 1494 quaedam
905 1414 1110 1492 praetextata.

245 1520 460 1600 κατω-φαγᾶς
474 1518 525 1580 Av
546 1517 623 1594 288,
645 1518 836 1598 intellegitur
858 1517 933 1593 avis
957 1537 1040 1599 quae
1062 1518 1194 1581 devorat
1216 1518 1327 1580 omnia

165 1622 383 1706 (καταφαγεῖν
425 1627 472 1687 est
513 1623 697 1705 devorare);
740 1624 879 1688 illuditur
922 1621 1083 1705 Cleonymi
1125 1623 1325 1706 πολυφαγία.

160 1713 362 1809 Passovium,
397 1732 451 1813 qui
486 1731 560 1811 (sub
589 1732 649 1796 hac
678 1730 769 1812 voce)
799 1731 839 1795 de
875 1731 974 1815 capite
1005 1731 1086 1794 llexo
1115 1729 1213 1805 verba
1239 1731 1324 1808 facit,

166 1857 270 1901 errare
300 1841 396 1920 puto,
425 1858 498 1902 cum
520 1839 552 1901 in
575 1837 663 1900 κάτω
689 1838 801 1903 vocula
829 1837 906 1901 nihil
935 1838 1007 1901 insit
1038 1839 1095 1900 nisi
1124 1837 1207 1900 elata
1235 1837 1325 1901 notio

161 1945 344 2027 etantiqua
366 1945 468 2016 forma
485 1945 726 2035 praepositionis
745 1943 832 2006 κατα
841 1993 849 2020 ,
881 1964 979 2027 quam
999 1945 1069 2007 ideo
1091 1944 1194 2025 posuit
1216 1948 1324 2025 polita,

160 2053 196 2127 ut
218 2051 413 2132 perciperent
437 2050 602 2115 audientes
631 2070 760 2115 vocem:
791 2053 1011 2131 σκατο-ᾳαγᾶς
1034 2051 1051 2112 1.
1074 2069 1100 2112 e.
1123 2049 1177 2132 qui
1199 2053 1323 2114 stercus

161 2141 268 2236 editt).
1113 2182 1115 2188 ¹

244 2261 277 2341 C.
320 2263 523 2341 Pertractatis
541 2265 689 2327 omnibus
711 2263 1152 2345 compositisAristophaneis,
1174 2281 1259 2344 quae
1279 2262 1323 2326 ad

159 2369 314 2433 vocabula
342 2370 485 2443 formalia
515 2370 690 2451 pertinent,
716 2370 887 2433 transimus
917 2371 978 2434 iam
1006 2370 1046 2432 ad
1074 2369 1202 2432 tertium
1233 2387 1324 2432 com·

158 2476 330 2557 positorum
346 2495 456 2555 genus
472 2475 588 2540 scilicet
603 2495 724 2554 eorum,
741 2496 823 2557 quae
838 2496 881 2540 ex
895 2476 1020 2539 verbis
1043 2479 1078 2538 et
1099 2475 1323 2538 nominibus

159 2585 191 2645 ct
217 2583 299 2646 inter
327 2602 360 2646 se
390 2587 421 2646 et
448 2582 548 2647 altero
577 2601 649 2646 cum
671 2584 770 2647 altero
791 2583 971 2665 compositis
994 2587 1063 2645 orta
1086 2583 1168 2645 suut.
1213 2581 1323 2662 Atque

159 2689 190 2750 in
209 2688 390 2765 universum
414 2690 543 2771 quidem
564 2691 596 2753 in
618 2691 711 2754 huius
733 2690 854 2771 generis
875 2690 1025 2752 divisione
1049 2688 1142 2765 lustii,
1166 2686 1322 2765 Clemmii,

158 2794 289 2859 aliorum
311 2796 466 2860 rationem
488 2797 576 2879 sequi
590 2801 781 2878 poteramus,
801 2798 936 2860 seduna
952 2797 1088 2859 maxime
1106 2816 1156 2859 res
1172 2796 1323 2870 accurate

157 2903 441 2979 animaduertenda
461 2907 539 2968 erat.
593 2903 718 2968 Etenim
746 2905 771 2967 si
793 2903 954 2985 scriptoris
974 2901 1103 2972 alicuius
1134 2901 1322 2983 compositio

155 3029 211 3092 per
246 3030 280 3073 se
317 3009 401 3074 sola·
418 3014 597 3093 spectatur,
629 3010 718 3075 facilc
754 3014 902 3093 apparet,
941 3008 1016 3072 talia
1043 3008 1207 3072 schemata
1236 3027 1321 3090 quae

156 3119 325 3192 vocantur,
364 3117 470 3201 qualia
506 3137 526 3182 a
561 3118 774 3198 grammaticis
812 3118 851 3180 de
886 3117 1033 3180 universa
1070 3115 1320 3197 compositorum

157 3224 282 3304 regione
298 3225 372 3305 poni
387 3224 500 3302 solent,
521 3244 587 3288 non
608 3244 737 3307 prorsus
758 3224 929 3306 sequenda,
950 3224 1006 3285 sed
1025 3221 1226 3285 immutanda
1240 3239 1317 3297 csse,

157 3333 314 3412 quantum
334 3332 401 3394 eius
425 3332 593 3413 scriptoris
617 3332 656 3394 de
680 3350 743 3413 quo
766 3331 877 3412 agitur,
901 3333 1016 3393 natura
1040 3333 1135 3410 atque
1156 3327 1317 3407 ingenium

156 3437 304 3518 postulat.
1312 3517 1314 3520 v

235 3544 282 3608 lta
325 3543 444 3607 factum
487 3544 550 3619 est,
593 3544 627 3605 ut
670 3541 731 3605 hoc
774 3543 901 3605 tertium
942 3560 1041 3621 genus
1082 3538 1313 3622 compositionis

154 3650 406 3731 Aristophaneae
427 3651 459 3712 in
482 3649 621 3730 quinque
652 3648 765 3712 classes
785 3648 1011 3725 divideremrm,
1041 3667 1123 3730 quae
1145 3650 1311 3712 vocantur:

151 3742 469 3832 determinativa,
506 3755 740 3836 copulativa,
784 3755 1034 3831 adverbialis,
1073 3754 1310 3837 attributiva,

246 3909 270 3978 ⁸)
288 3910 341 3965 Ofr.
360 3913 527 3976 quaro-coiret:
544 3910 618 3965 Plui.
635 3911 686 3965 706
704 3913 732 3964 et
751 3929 783 3967 eu
802 3929 873 3980 quae
894 3929 917 3980 p.
938 3915 978 3965 53.
999 3913 1032 3966 de
1052 3915 1239 3982 quarm-fimo
1250 3926 1309 3966 voce

155 4012 335 4064 exposuimus.
