2940 4492
678 187 719 251 23

116 370 156 434 de
176 367 267 445 κύλιξ
273 393 285 448 ,·
306 365 478 450 α’ρύοτιχος
498 367 525 428 V
547 368 624 445 855,
646 366 686 431 de
707 365 841 445 α’ροστίς
861 367 989 430 nomine
1010 364 1203 444 derivatum,
1222 368 1273 431 cui

116 477 203 541 nolio
224 477 335 540 eadem
356 476 437 540 inest
458 494 496 539 ac
516 474 586 538 voci
607 471 739 554 αρυτήρ,
760 473 1016 569 quaesignificat
1030 493 1085 537 vas
1104 473 1148 537 ad
1168 472 1275 537 hauri-

115 583 235 647 endum
267 582 386 656 habile3
422 579 640 652 οἷλωιτεκιδεύς
667 580 694 644 Ρ
718 580 796 643 1067
825 575 886 641 ἅττ.
908 578 953 653 λ.;
988 579 1196 662 πελαργιδεύς
1223 584 1274 646 Av

119 689 213 763 13563
235 687 457 769 μειρακύλλιον
476 689 507 752 R
528 689 576 752 89.
618 684 789 769 μελύδριον
811 685 855 751 Ec
876 687 953 763 883,
980 686 1144 771 ἑλκύδριον
1166 688 1192 753 Ε
1211 689 1274 753 907

117 797 182 877 (cfr.
204 796 349 860 Schwab.
373 817 403 876 p.
423 795 499 875 68.);
523 798 687 875 κορακῖνος
705 793 739 856 L.
763 793 838 868 560;
860 793 1016 856 Ἀττικίων
1034 795 1061 859 Ρ
1083 797 1153 860 814.

130 934 137 948 ·
198 927 260 990 Vll.
303 927 467 990 Postremo
482 926 550 990 loco
566 926 713 989 addimus
728 945 767 989 ea
781 922 920 1002 nomina,
943 945 1025 1006 quae
1040 927 1095 991 Ar.
1110 928 1276 1010 dupliciter

118 1034 287 1098 deminuit:

199 1139 398 1203 κοτυλίσκιον
423 1139 452 1202 Α
473 1138 551 1211 459;
580 1134 778 1200 artaxiam·
807 1138 837 1200 fr‘
857 1136 905 1199 38.
953 1143 1118 1202 κανίσκιον
1144 1143 1180 1205 fr.
1203 1143 1275 1222 808,

117 1236 167 1312 cul
188 1245 376 1329 respondere
399 1245 523 1309 videtur
543 1264 660 1308 nomen
682 1249 809 1319 κανίας;
831 1243 1023 1327 δημακίίιον
1036 1245 1062 1310 Ε
1075 1248 1135 1310 863
1157 1244 1218 1313 ἅτ,
1234 1249 1275 1325 λς

116 1352 336 1434 χλανισκίδιοο
355 1352 381 1416 Ρ
404 1353 498 1426 1008;
520 1349 682 1431 ἱματίδιον
704 1350 741 1415 Pl
763 1352 823 1415 985
844 1342 920 1432 (ἷμα
941 1353 991 1416 vel
1013 1344 1107 1435 εἷμα,
1129 1353 1275 1439 ἱμάτιον)

118 1458 322 1542 ἱματιδαριοκ
350 1460 378 1523 fr
399 1459 452 1533 64;
482 1457 692 1539 χρυσιδοέριον
711 1458 739 1522 fr
757 1458 806 1522 64.
846 1458 1047 1541 βιβλιδοὶριοο
1068 1462 1096 1525 fr
1115 1462 1164 1525 64.
1217 1463 1276 1528 Hic

117 1569 284 1633 nominum
294 1567 456 1647 dupliciter
465 1566 730 1629 deminutivorum
743 1584 894 1629 numerus
909 1565 998 1630 facile
1013 1587 1052 1631 ex
1067 1568 1101 1631 iis
1116 1570 1275 1653 exemplis,

117 1694 201 1757 quae
223 1674 282 1737 sub
303 1674 442 1736 numeris
462 1673 496 1735 ll.
519 1676 551 1735 et
572 1672 613 1734 Vl
633 1672 831 1753 collegimm‚
854 1674 962 1752 augeri
984 1677 1097 1756 potest.

200 1804 261 1868 Vll.
297 1805 432 1870 Restant
447 1804 615 1867 tractanda
629 1806 660 1866 et
673 1804 890 1868 enumeranda
904 1805 1056 1869 nonnulla
1068 1806 1276 1885 substantiva,

118 1932 202 1995 quae
232 1899 308 1976 nulli
337 1932 447 1976 earum
477 1910 640 1988 classium,
669 1930 748 1992 quas
777 1930 873 1993 supra
900 1911 1114 1990 distinximuS,
1144 1912 1277 1978 adscribi

118 2024 283 2103 poterant:
312 2021 450 2102 primum
478 2037 622 2101 paucae
651 2018 794 2081 formae
822 2018 1074 2083 secundariae
1103 2020 1217 2086 deinde
1239 2043 1276 2087 ea

118 2128 249 2192 nomina
263 2126 415 2207 simplicia
431 2124 491 2206 (vel
508 2123 679 2207 primaria),
695 2145 788 2208 quae
803 2126 903 2189 unde
920 2125 1104 2206 originem
1125 2128 1276 2208 ducant,

117 2233 312 2297 enucleari
334 2252 408 2295 non
436 2236 578 2313 potest,
609 2232 745 2314 denique
771 2233 901 2297 nomina
931 2235 1071 2298 comice
1093 2238 1129 2298 et
1153 2236 1277 2301 iocose

119 2341 225 2420 ficta,
248 2360 320 2404 cum
342 2340 455 2421 quibus
475 2359 540 2402 non
555 2358 627 2402 raro
640 2341 874 2404 substantivum
889 2340 1018 2422 aliquod
1032 2359 1104 2404 vere
1120 2340 1277 2407 Graecum

118 2448 252 2514 conferri
272 2450 388 2529 potest,
411 2447 513 2528 quod,
535 2450 570 2509 ut
590 2446 695 2510 iocum
716 2447 884 2529 lusumque
911 2448 955 2511 rei
983 2448 1129 2526 adderet,
1150 2453 1276 2531 praeter

118 2556 368 2637 expectationem
394 2553 485 2634 (παρ’
506 2550 678 2633 ὑπόνοιαν)
706 2554 755 2618 vel
784 2554 934 2637 rhythmo
963 2575 1114 2619 versuum
1143 2561 1275 2638 cogente

118 2663 247 2726 evitavit
267 2664 369 2743 poeta.

241 2812 269 2857 a.
313 2793 454 2857 formae
476 2792 741 2856 secundariae:

200 2898 288 2983 ματη
310 2902 337 2964 fr
357 2900 417 2963 647
440 2896 500 2962 ὅτι.
523 2898 585 2978 tay.
609 2903 654 2963 est
677 2900 778 2962 forma
800 2899 985 2963 secundaria
1006 2902 1143 2964 nominis
1163 2907 1275 2981 μανία.

199 3005 305 3092 τρήμη
326 3008 352 3070 fr
372 3007 432 3069 697
452 3001 512 3068 ἅπ.
532 3006 605 3085 λεγ,
626 3025 684 3087 pro
703 3007 810 3087 τρῆμα
831 3006 981 3086 (lacuna).

199 3113 401 3197 Ἀχαροηίδαι
420 3113 449 3176 Α
470 3112 539 3188 372,
559 3112 676 3176 comice
697 3132 755 3194 pro
777 3114 905 3177 nomine
926 3133 985 3177 usu
1006 3118 1132 3197 recepto
1152 3116 1276 3180 Achar-

116 3242 231 3287 neuses
251 3221 461 3304 appellantur,
482 3219 536 3300 qui
558 3238 586 3281 v.
610 3219 670 3282 329
690 3219 866 3301 Ἀχαρνικοί
883 3223 1046 3284 vocantur.

60 3378 65 3385 .
197 3327 392 3410 Ἀρίστυλλος
412 3346 469 3408 pro
487 3324 684 3407 Ἀριστοκλῆς
704 3321 895 3408 ολἭρολλος
916 3348 974 3411 pro
986 3327 1140 3411 Ἡρακλῆς
1158 3330 1276 3393 comice

117 3434 192 3499 ficta
213 3438 289 3499 sunt
309 3434 431 3498 abhoc
452 3438 546 3516 poeta
566 3435 593 3498 ir
614 3434 684 3497 456.

240 3578 272 3640 b.
313 3577 486 3652 Nomina,
517 3594 676 3656 quorum
697 3576 803 3655 origo
825 3574 943 3638 dubio
965 3579 1029 3638 est.

201 3683 303 3756 ἄλλαῖς
322 3684 351 3746 Α
374 3683 448 3759 lla,
477 3678 537 3743 dn.
558 3681 620 3762 λεγ.
642 3683 728 3763 apud
748 3682 818 3758 An,
846 3682 1013 3747 farcimen:
1041 3702 1139 3765 quam
1166 3703 1276 3748 vocem

118 3791 245 3855 finxisse
267 3794 394 3871 poetam
415 3789 467 3852 vix
485 3789 654 3871 putaveris,
678 3790 734 3852 etsi
761 3789 844 3851 solus
872 3772 1051 3871 usurpavit,
1077 3791 1133 3854 sed
1161 3792 1195 3854 in
1222 3810 1276 3856 ore

119 3898 226 3981 populi
235 3897 420 3961 iamdudum
429 3900 620 3975 versataest3
636 3895 992 3976 undeoriginemducat‚
1007 3895 1065 3960 dici
1079 3897 1203 3979 nequit:
1217 3899 1275 3963 cui

119 4005 286 4071 conferri
308 4007 438 4086 potest
460 4003 637 4068 latinum:
666 4001 790 4077 allium3
820 3999 959 4081 κολλύρα
986 4002 1014 4066 fr
1037 4003 1097 4069 363
1118 4001 1178 4066 ἅττ.
1201 4003 1275 4086 try„
