2940 4492
752 183 794 246 52

278 379 305 434 γ.
347 360 495 442 Denique
519 360 594 423 huic
620 361 713 423 tertio
742 360 849 440 generi
878 362 1126 442 compositorum
1158 363 1365 444 praepositio·

197 465 316 527 nalium
342 467 481 529 attribuo
510 486 611 547 pauca
637 467 749 544 verba,
776 467 952 550 inquibus
980 469 1175 550 comparatio
1203 470 1365 551 quaedam

197 572 321 634 videtur
362 574 476 648 inesse3
516 593 553 636 ea
588 573 672 637 enim
706 573 808 651 notio,
849 594 947 656 quam
980 576 1170 657 praepositio
1204 576 1360 657 exprimit,

198 683 402 759 comparatur
424 698 498 742 cum
521 699 559 742 eo
586 680 728 755 nomine,
761 680 848 761 quod
868 681 901 743 in
923 684 1064 745 extremo
1087 682 1184 745 verbo
1206 684 1361 746 contineri

198 804 296 865 supra
318 786 541 862 demonstravi,
565 787 652 849 velut
664 785 874 867 αἰν-αρταλίζω
889 787 1057 868 significat:
1080 789 1214 866 evolare,
1236 789 1362 870 plumas

195 891 304 954 efferre
327 889 419 972 (α’ναὶ)
441 893 526 955 velut
549 912 642 956 avem
662 894 786 975 pullam
810 889 971 975 (ὅρταλος,
1000 893 1155 976 operantu
1181 893 1365 976 συν-τυρόν]

196 1001 257 1060 est:
291 1018 340 1061 res
372 1000 503 1063 miscere
534 997 628 1080 (orio)
650 1001 737 1063 velut
758 1021 886 1065 caseum
918 1001 1059 1083 (τυρόν).
1111 1001 1364 1082 Comparatio

196 1108 323 1167 autem
344 1106 427 1187 ipsa
448 1110 514 1169 aut
534 1107 581 1170 ad
601 1107 811 1171 subiectum
833 1111 898 1171 aut
926 1108 972 1172 ad
999 1108 1193 1172 obiectum
1222 1108 1364 1172 referri

196 1215 327 1293 potest,
350 1213 436 1276 velut
457 1211 666 1292 αἷν-ορταλίζω
680 1217 742 1277 cst:
765 1207 874 1294 ἄνειμι
895 1215 955 1295 (vel
971 1214 1082 1296 simile)
1099 1211 1210 1294 ὥσπερ
1226 1213 1379 1294 dotalis„

196 1318 426 1401 ἐγ-κολληβαίζω
454 1323 582 1382 autem:
612 1317 734 1400 εἰσίημι
763 1319 823 1399 (vel
853 1321 952 1384 simile
981 1320 1111 1402 aliquid)
1141 1319 1214 1383 τινα
1249 1316 1364 1402 ὥσπερ

201 1424 371 1508 κόλλαβον.

279 1535 411 1598 Praeter
442 1534 500 1597 has
531 1536 610 1611 tres,
639 1552 719 1615 quas
751 1533 929 1609 nominavi,
960 1553 1068 1612 voces,
1099 1534 1140 1597 ad
1171 1534 1234 1598 hoc
1262 1553 1363 1614 genus

195 1641 382 1704 referendae
405 1645 479 1704 sunt
499 1641 579 1703 hae:

276 1747 518 1823 κανα-σικελίζω
547 1746 574 1808 V
596 1747 671 1822 911,
695 1745 873 1809 Siculorum
899 1746 961 1808 ritu
989 1747 1071 1809 vesci
1097 1746 1171 1828 alqa
1193 1766 1241 1810 re:
1274 1747 1364 1828 quod

196 1855 329 1917 verbum
356 1875 426 1917 mea
455 1853 583 1936 quidem
613 1852 771 1915 sententia
791 1871 857 1915 non
879 1856 963 1915 recte
985 1853 1232 1934 interpretantur
1252 1852 1363 1930 lexica,

197 1981 280 2044 quae
304 1961 489 2043 explanant:
514 1960 708 2024 »Siculorum
732 1978 860 2022 caseum
882 1960 1041 2039 edere*)‹<.

280 2066 499 2147 ἐκ-νννρδνκίζω
521 2067 571 2129 Av
594 2067 664 2141 768,
688 2069 725 2128 ut
747 2064 906 2148 perdicem
929 2068 1090 2146 aufugere.

280 2172 494 2255 ααα-λνβαζω,
522 2173 689 2248 Avillii,
715 2171 880 2252 aufugere:
906 2173 946 2235 ad
974 2173 1067 2235 huius
1087 2172 1175 2235 verbi
1197 2173 1362 2235 notionem

197 2281 414 2362 explicandam
429 2279 599 2342 scholiasta
610 2283 693 2341 recte
705 2277 839 2341 adnotat
849 2278 942 2341 hacc:
957 2276 1121 2350 συντόνως
1132 2276 1364 2359 ἀναχωρήσεις,

196 2387 287 2467 tulate
307 2387 326 2468 ἡ
350 2385 487 2466 σταγών,
513 2374 551 2468 ἧς
573 2384 669 2447 οὐδὲν
691 2381 869 2464 ταχύτερον
892 2385 990 2462 ἐντῷ
1015 2390 1158 2446 πίπτειν·
1205 2381 1226 2468 ἦ
1247 2385 1306 2465 οὐχ
1332 2387 1366 2460 ἐς

196 2493 337 2575 κόρακας
357 2495 410 2555 καὶ
434 2489 562 2575 Λιβύην
583 2492 789 2573 duoprimas&

195 2658 225 2720 b.
269 2657 427 2721 Nomina
450 2657 613 2721 oriunda
631 2675 674 2719 ex
694 2656 974 2736 compositione
995 2656 1300 2739 praepositionis
1324 2660 1364 2719 et

690 2763 867 2825 nominis.

280 2874 306 2934 1.
347 2871 415 2935 Hac
444 2872 476 2933 in
504 2870 596 2933 classi
629 2869 836 2932 discernenda
858 2872 933 2932 sunt
959 2889 997 2933 ea
1025 2871 1169 2946 nomina,
1202 2889 1285 2952 quac
1318 2870 1365 2932 ab

198 2979 285 3042 initio
313 2978 456 3041 adiectivi
480 2977 642 3040 notionem
667 2975 787 3040 habent
819 2977 850 3039 et
880 2976 1069 3040 substantivi
1100 2978 1164 3039 vim
1197 2976 1363 3040 interdum

197 3089 401 3167 acceperunt,
430 3087 471 3147 ab
488 3084 539 3161 iis,
567 3103 650 3164 quae
670 3102 841 3163 personam
861 3082 1001 3164 aliquam
1022 3084 1072 3146 vel
1093 3085 1190 3147 etiam
1212 3085 1365 3146 substan-

197 3195 297 3257 tivum
320 3194 447 3275 aliquod
470 3191 671 3274 (plerumque
691 3190 914 3271 masculinum)
933 3190 1190 3272 significaverunt
1209 3195 1241 3253 et
1262 3192 1363 3270 signi-

196 3301 293 3365 ficant
307 3297 558 3380 (ξαν-δικαστής
572 3296 772 3377 declamaret·
785 3298 864 3360 haec
884 3298 1055 3377 posteriora
1069 3299 1144 3360 sunt
1160 3297 1364 3377 paucissima,

197 3426 334 3489 quorum
358 3426 441 3488 quae
467 3406 644 3467 invenimus
672 3404 817 3485 exempla
841 3403 1091 3485 Aristophaneo,
1119 3423 1364 3468 enumeramus:

196 3513 227 3576 in
254 3515 369 3595 quibus
401 3512 698 3575 determinationem
731 3511 886 3592 aliquam,
915 3514 950 3574 ut
977 3511 1037 3574 hac
1063 3530 1140 3574 voce
1167 3511 1365 3593 utamur**)‚

199 3639 391 3647 ---..-..--.--

294 3687 318 3755 *)
337 3686 413 3750 Quod
431 3685 472 3738 ita
489 3688 564 3738 reete
580 3684 641 3749 dici,
661 3702 693 3739 ex
712 3685 800 3739 verbis
815 3685 882 3755 ipsis
900 3703 1033 3755 apparere
1052 3684 1121 3738 mihi
1137 3685 1257 3739 videtur:

477 3774 592 3838 ἀποδράς
608 3773 657 3843 γαρ
677 3776 701 3832 ἐς
718 3775 766 3838 τήν
784 3779 878 3838 γωνίαν
898 3773 973 3842 τυρὸν
998 3773 1078 3823 πολύν

476 3840 635 3900 κατεσικέλιζε
654 3843 789 3911 κάνέπλητ’
810 3846 837 3894 ἐν
855 3841 892 3912 τῷ
911 3848 998 3911 σκότῳ.

287 3927 325 3996 **)
343 3928 397 3982 Ct'r.
416 3946 448 3983 ea
472 3945 543 3996 quae
567 3926 640 3982 infra
658 3947 684 3998 p.
704 3931 745 3984 59.
764 3930 797 3983 de
824 3926 981 3998 compositis
1007 3927 1227 3983 determinatius
1245 3947 1263 3982 a
1281 3930 1362 3984 nobis

196 4013 320 4084 exposita
336 4017 408 4068 sunt.
