2940 4492
710 173 752 236 ol

148 352 289 434 proxime
309 353 438 416 accedit.
473 351 605 416 Photius
624 352 708 414 enim
728 353 875 434 explieat:
896 352 998 434 ὀρθός
1020 351 1233 436 ἐπαιρόμενος
1251 351 1306 413 καὶ

150 459 317 542 πλήσσων,
339 462 447 542 quise
469 461 551 523 viel
573 460 687 522 robore
710 463 808 540 erigit.

468 637 523 703 Ill.
567 638 757 722 composita
775 637 985 704 attributiva.

233 756 416 837 Sequuntur
445 758 653 839 composita
674 757 918 832 attributiva‚
947 775 985 818 ea
1014 755 1099 831 dicu,
1128 754 1161 816 in
1192 753 1308 834 quibus

150 861 264 924 Iustius
289 864 499 943 superiorem,
528 866 563 925 ut
585 864 628 927 ita
647 864 768 940 diram,
797 866 828 926 et
856 862 1051 924 subtiliorem
1074 861 1309 941 compositionis

151 969 306 1031 rationem
329 971 427 1032 inesse
449 970 558 1044 voluit;
582 972 670 1033 cuius
692 970 795 1033 elassis
817 970 892 1031 illud
914 970 1050 1032 irraxirne
1072 969 1236 1049 proprium
1251 970 1309 1044 est,

152 1075 237 1155 quod
261 1075 453 1161 subiectum,
475 1077 516 1139 ad
539 1078 625 1158 quod
648 1078 782 1140 refertur
804 1076 1029 1157 compositum,
1051 1093 1175 1155 semper
1197 1077 1310 1137 extra

103 1194 104 1197 ’
151 1183 360 1262 compositum
378 1184 472 1246 situm
487 1188 545 1258 est;
566 1184 675 1265 itaque
690 1184 899 1263 compositum
913 1183 1016 1263 ipsum
1031 1183 1089 1244 nisi
1110 1181 1245 1244 relatum
1268 1181 1310 1243 ad

153 1289 384 1352 substantivum
416 1290 521 1353 loeurn
554 1289 671 1353 habere
707 1310 770 1352 non
801 1292 905 1370 potest
937 1287 1007 1367 (etr.
1032 1308 1069 1351 ea
1101 1307 1183 1368 quae
1212 1307 1312 1368 supra

153 1395 354 1476 exposuimus
384 1397 425 1459 ad
453 1397 657 1460 discernenda
687 1397 767 1459 liaeo
787 1397 960 1477 composita
983 1416 1003 1458 a
1024 1394 1309 1473 determinativisll.

236 1537 261 1598 1.
304 1537 352 1598 Ac
372 1538 509 1617 primum
531 1539 658 1619 quiden]
680 1557 718 1600 ea
739 1538 932 1618 explicamus
948 1538 1103 1600 adieetiva
1125 1536 1312 1599 attributiva

153 1643 194 1704 ab
226 1642 438 1723 Aristophane
470 1645 661 1724 composita,
688 1663 771 1725 quae
800 1663 838 1707 ex
865 1643 1086 1706 coniunctione
1119 1643 1312 1706 substantivi

93 1733 95 1738 ’
152 1767 225 1810 cum
246 1749 399 1812 adieetivo
418 1751 647 1813 attributive
668 1751 793 1814 adnexo
815 1751 967 1831 originem
987 1749 1116 1812 ducunt.

234 1853 494 1936 χαυνό-πρωκτος
515 1859 545 1920 Α
570 1858 644 1934 104,
672 1857 688 1918 ὁ
711 1858 833 1935 xant-'ov
855 1859 936 1934 ἔχων
959 1854 1126 1935 nouarum
1149 1857 1233 1919 solus
1256 1857 1312 1919 Ar.

153 1961 237 2024 hano
268 1982 379 2025 vocem
410 1965 441 2026 in
474 1984 567 2027 usum
598 1968 708 2040 vorat,
742 1984 824 2044 quae
856 1967 925 2026 tum
941 1968 943 1970 ’
957 1965 1109 2043 temporis
1139 1965 1171 2025 in
1204 1962 1314 2043 populi

153 2088 300 2131 sermone
330 2073 361 2131 et
392 2089 451 2132 usu
481 2071 605 2134 videtur
631 2071 734 2134 fuisse.
787 2071 932 2133 Similiter
960 2071 1165 2133 iudicandum
1197 2073 1245 2132 est
1274 2069 1315 2131 de

153 2172 430 2256 εὐρύ-πρωκτοςΑ
452 2177 521 2240 716.
889 2178 892 2183 ’

237 2283 529 2362 μελανο-συρμαῖος
550 2284 599 2345 Th
621 2285 697 2359 857,
727 2283 849 2345 habens
876 2284 1000 2362 nigram
1030 2287 1149 2346 vestem
1177 2279 1315 2364 (σύρμα)

156 2392 212 2451 aut
234 2409 412 2471 syrnraeam
435 2389 594 2470 (συρμαία
622 2394 669 2452 est
691 2391 866 2452 remedium
889 2390 931 2452 ad
950 2390 1153 2471 purgandum
1175 2388 1315 2470 aptuml:

154 2495 213 2558 toti
234 2500 342 2558 autern
364 2496 517 2560 adieetivo
533 2498 614 2559 inest
627 2497 714 2558 notio
730 2496 865 2558 comica:
888 2497 1030 2576 »nigram
1051 2499 1171 2558 vestem
1191 2496 1316 2558 habens

156 2605 188 2663 et
209 2601 376 2664 illuviem«.

237 2706 462 2787 μορμορ-ωπός
481 2728 608 2789 quoque
629 2709 818 2771 adieetivum
837 2709 901 2772 huo
921 2708 1026 2771 referri
1048 2708 1152 2785 velim,
1173 2709 1232 2772 etsi
1249 2728 1316 2772 non

156 2817 288 2890 constat,
310 2815 446 2895 priorem
467 2816 533 2878 eius
544 2819 665 2895 partem
680 2835 745 2876 esse
761 2816 959 2878 adiectivum.
995 2815 1169 2897 Hesychius
1185 2816 1316 2896 quidem

157 2919 270 3002 μορμώ
288 2923 407 2984 nomini
429 2923 563 2984 eandem
582 2922 744 2985 notionem
764 2923 877 2984 subicit
906 2942 944 2985 ac
972 2919 1072 3002 φόβος
1099 2921 1316 2996 substantium

157 3030 213 3091 sed
248 3048 320 3091 euni
359 3029 452 3092 huius
499 3028 635 3090 nominis
674 3047 770 3109 opera
805 3028 880 3091 illud
921 3030 1130 3109 compositum
1166 3029 1317 3109 explicari

158 3155 224 3199 non
253 3155 344 3216 posse
372 3136 592 3212 intellexerim,
627 3170 664 3178 -
699 3136 776 3216 quid
804 3136 888 3197 enim
917 3138 997 3197 esset
1026 3134 1163 3197 »timoris
1192 3136 1318 3198 vultum

158 3243 301 3305 habens?
338 3278 376 3285 —
410 3241 570 3322 μορμορός
600 3261 666 3304 esse
695 3242 885 3304 adieetivuur
914 3241 1015 3304 iudico
1041 3242 1080 3303 de
1110 3239 1224 3322 μορμώ
1252 3242 1318 3323 (vel

158 3347 305 3431 μορμών)
326 3350 507 3426 deductum,
530 3348 615 3430 quod
637 3349 693 3410 etsi
716 3367 878 3428 nusquam
895 3348 1016 3427 legitur,
1038 3351 1146 3410 tamen
1166 3348 1207 3411 illi
1229 3369 1318 3413 eom·

160 3459 261 3538 posito
289 3456 499 3518 fundamento
528 3456 586 3518 luit
613 3458 645 3517 et
672 3454 723 3518 hio
750 3458 861 3535 poeta,
896 3473 961 3535 qua
995 3459 1041 3516 est
1075 3454 1215 3532 lieentia,
1252 3456 1318 3539 ipse

160 3563 316 3626 formavit.
344 3599 375 3606 -

241 3667 522 3750 τετρα-πτερυλλίς
536 3669 565 3730 Α
581 3669 638 3731 871
663 3668 853 3730 adiectivum
875 3686 947 3729 eum
966 3668 1196 3746 terminatione,
1219 3690 1317 3751 quam

159 3796 311 3841 vocamus
334 3775 572 3852 deminufivarn,
593 3773 780 3837 substantivi
801 3773 962 3835 notionem
985 3776 1113 3855 aceepit.

246 3881 439 3944 mvn-naa
461 3882 487 3945 fr
510 3883 579 3959 335,
601 3881 843 3956 substantivum,
867 3879 1044 3942 derivatum
1065 3881 1104 3943 de
1126 3880 1317 3951 πεντέλιθος

162 3990 331 4065 adiecfivn,
370 3989 419 4051 eui
447 3988 488 4050 ab
515 3989 603 4051 initio
632 3987 845 4069 supplendum
872 3990 940 4049 erat
969 3987 1202 4050 substantivum
1232 3986 1315 4051 velut
