2940 4492
722 213 742 278 3

151 410 190 456 ea
203 405 331 474 quoqne
345 392 509 470 vocabula,
533 411 619 475 quae
632 394 757 474 praeter
774 390 861 454 hunc
874 393 1002 473 poetam
1016 389 1150 472 tragici
1172 393 1309 474 po'e'tae

151 501 395 581 usurpaverunt,
402 498 489 562 velut
500 495 712 580 ἱπποβάμωο,
722 494 907 581 χροσαογής,
914 493 1080 580 κοναογής,
1088 496 1313 580 μηλοσφαγέω,

151 606 253 671 multa
290 606 427 688 denique
459 606 502 670 ab
533 605 601 670 aliis
639 604 841 686 scriptoribus
883 604 935 669 illo
965 603 1192 686 superioribus
1229 624 1309 688 quos

151 731 340 777 enumerare
360 713 491 795 longum
514 714 576 792 est,
603 713 742 795 primum
769 711 906 777 formata
932 714 988 777 aut
1009 711 1199 794 composita,
1227 729 1311 794 quae

151 819 271 884 iamdiu
292 820 324 884 in
346 839 440 884 usum
462 838 666 884 communem
687 818 887 884 tramierant.
929 819 1095 884 Accedunt
1113 819 1310 901 segreganda

152 944 191 991 ea
217 927 388 1007 vocabula,
423 945 507 1009 quae
538 929 664 1009 praeter
693 925 939 1010 Aristophanem
971 924 1116 991 nonnulli
1144 925 1311 1008 scriptores

151 1035 256 1098 aetate
276 1034 304 1097 ei
326 1034 390 1098 fere
411 1034 569 1118 aequales,
593 1034 679 1098 velut
698 1033 849 1116 Antipho,
871 1032 1090 1116 Hippocrates
1110 1031 1313 1116 'thucydides

151 1139 184 1203 in
205 1156 301 1203 usum
319 1143 484 1218 vocarunt,
506 1141 613 1223 qualia
628 1139 858 1222 δενδροτομέω,
879 1139 1157 1223 οἷοτιτομοορέομαο.
1188 1139 1309 1204 Deinde

153 1262 190 1310 ea
212 1264 340 1329 quoque
360 1247 517 1312 vocabula
538 1247 773 1331 Aristophaneo
792 1267 860 1312 esse
880 1247 1080 1330 negavimus,
1109 1266 1193 1330 quae
1213 1248 1250 1312 ut
1270 1245 1312 1312 ab

151 1354 212 1418 hoc
224 1353 436 1436 Aristophane
454 1355 498 1418 ita
514 1354 556 1418 ab
570 1355 637 1419 aliis
657 1355 758 1437 poetis
778 1353 904 1419 comicis
922 1353 1064 1419 adhibita
1080 1354 1225 1419 videmus
1236 1338 1313 1419 esse.

151 1460 298 1544 Namque
331 1481 369 1526 ex
404 1461 440 1525 iis
467 1460 606 1544 reliquiis
634 1461 815 1526 fabularum
843 1460 1012 1540 Cratini,
1041 1460 1314 1540 Pherecratis,

151 1567 381 1650 Eupolidis,
395 1567 591 1646 Platonis,
600 1587 682 1652 quae
692 1568 858 1648 Athenaei,
866 1567 1012 1648 Pollucis
1019 1566 1178 1652 Hesychii,
1187 1566 1314 1651 Harpo-

151 1676 311 1754 crationts,
332 1675 458 1753 Suidae,
481 1676 616 1740 aliorum
632 1694 729 1757 opera
749 1679 780 1740 et
797 1675 958 1757 diligentia
971 1676 1062 1740 nobis
1077 1677 1315 1755 conservantur,

153 1781 221 1847 iure
243 1781 409 1863 colligitur,
436 1782 494 1846 illis
514 1800 665 1864 magnam
686 1802 782 1865 saepe
811 1785 843 1847 et
863 1782 931 1846 aliis
954 1783 986 1847 in
1006 1781 1103 1847 rebus
1122 1785 1154 1846 et
1174 1782 1207 1846 in
1228 1801 1316 1847 com-

153 1889 309 1971 ponendis
329 1889 573 1973 derivandisque
591 1889 753 1954 vocabulis
768 1887 1005 1953 similitudinem
1016 1907 1090 1954 cum
1098 1887 1314 1971 Aristophane

151 1996 363 2076 intercedere,
389 1997 434 2062 ita
456 2000 508 2076 ut,
537 2015 621 2079 quae
641 1995 798 2061 vocabula
820 1998 947 2079 praeter
974 1995 1061 2061 hunc
1086 2015 1170 2061 unus
1198 2015 1237 2061 ex
1257 1995 1315 2060 illis

152 2104 279 2168 comicis
308 2103 514 2187 Aristophani
547 2106 603 2169 aut
639 2104 825 2188 aequalibus
860 2106 917 2169 aut
955 2104 1063 2186 paullo
1098 2102 1313 2186 superioribus

154 2209 313 2290 adhibuit,
342 2230 381 2274 ea
401 2230 466 2274 non
489 2210 725 2293 Aristophanes
745 2230 827 2290 esse,
856 2211 913 2275 sed
939 2213 1009 2276 turn
1034 2210 1186 2294 temporis
1206 2211 1239 2275 in
1258 2230 1314 2275 ore

152 2317 262 2399 populi
283 2320 410 2382 versata
437 2318 480 2382 ab
502 2318 649 2383 omnibus
675 2320 802 2401 saepius
827 2318 976 2400 usurpari
997 2317 1244 2382 existimandum
1265 2316 1314 2380 sit.

152 2423 263 2508 Neque
284 2424 386 2506 magis
394 2425 625 2508 Aristophanes
640 2425 731 2491 finxit
752 2444 791 2490 ea
805 2424 971 2504 vocabula,
995 2425 1109 2509 quibus
1125 2424 1315 2507 posteriores

153 2532 264 2596 comici
284 2535 409 2615 praeter
429 2533 533 2615 ipsum
554 2533 603 2597 usi
616 2535 704 2596 sunt:
727 2552 810 2617 quae
831 2533 899 2616 ipsa
919 2551 1045 2617 quoque
1066 2535 1200 2614 uterque
1221 2534 1315 2615 poeta

154 2656 192 2703 ex
212 2657 359 2702 sermone
380 2640 540 2704 communi
569 2642 600 2704 et
621 2640 741 2722 volgari
763 2640 952 2724 desumpsit;
990 2639 1208 2718 nihilominus,
1239 2639 1315 2722 quia

154 2744 384 2827 Aristophanes
407 2745 561 2827 primus
582 2746 615 2809 in
635 2745 741 2810 literas
761 2746 897 2825 induxit,
919 2745 995 2812 talia
1016 2745 1098 2811 intra
1120 2746 1314 2812 ascribemus

154 2854 186 2915 et
200 2851 433 2934 explicabimus.
470 2851 614 2933 Denique
624 2872 700 2916 vero
713 2852 908 2918 secernenda
922 2872 990 2918 esse
1002 2871 1041 2918 ex
1054 2852 1116 2918 hac
1128 2854 1316 2936 quaestione

155 2958 402 3023 existimavimus
419 2978 457 3023 ea
473 2958 630 3023 vocabula
651 2959 794 3024 derivata
815 2959 864 3024 vel
882 2961 1058 3042 composita
1069 2959 1314 3042 Aristophaneo,

154 3085 237 3149 quae
265 3066 352 3148 apud
382 3066 551 3130 nonnullos
579 3066 713 3144 classici,
735 3067 789 3148 qui
808 3069 956 3147 vocatur,
985 3067 1143 3132 Atticismi
1169 3070 1313 3132 auctores

153 3173 278 3255 saepius
301 3173 463 3254 leguntur:
491 3193 594 3255 noque
624 3174 708 3238 enim
736 3176 849 3256 putare
871 3173 957 3253 licet,
986 3175 1052 3238 iam
1072 3177 1141 3238 turn
1162 3175 1313 3257 temporis

155 3280 236 3343 adeo
256 3280 454 3362 divulgatum
476 3280 570 3344 fuisse
592 3281 814 3363 Aristophanis
835 3280 945 3346 comici
965 3300 1158 3361 sermonem,
1179 3284 1216 3346 ut
1236 3282 1316 3346 tales

152 3386 329 3468 scriptores,
345 3386 454 3470 quales
469 3387 636 3468 Xenopho,
655 3387 756 3467 Plato,
766 3387 927 3467 Isocrates,
944 3388 1062 3472 Lysias
1074 3389 1313 3468 Demosthenes

153 3493 339 3557 Aristoteles
354 3513 428 3558 eum
441 3495 500 3558 nisi
520 3498 606 3558 certa
626 3513 723 3559 causa
737 3494 951 3580 intercedente
963 3495 1171 3559 imitarentur.
1207 3492 1312 3573 Quam

154 3602 196 3665 ob
218 3621 287 3664 rem
301 3602 493 3665 seiunximus
518 3600 662 3683 exempla
683 3599 899 3684 θαλλοφόρος,
922 3602 1119 3682 ἀντωμοσία,
1141 3601 1313 3682 ἐξωμοσία,

154 3706 428 3790 προσκεφάλαιον,
445 3707 724 3788 καταδωροδοκέω,
739 3728 827 3790 quae
842 3713 873 3773 et
885 3709 971 3781 hunc
989 3713 1020 3772 et
1032 3708 1101 3771 illos
1116 3726 1155 3772 ex
1167 3727 1313 3771 sermone

153 3815 264 3898 populi
286 3816 407 3896 volgari
428 3815 597 3898 sumpsisse
617 3818 705 3897 puto.
747 3815 830 3879 Nam
851 3816 938 3898 quod
966 3815 1042 3879 talia
1064 3815 1151 3897 apud
1173 3814 1313 3897 priorem

154 3924 294 4006 aliquem
315 3923 528 4005 Aristophane
549 3922 732 4005 scriptorem
753 3941 818 3987 non
841 3922 1058 4003 inveniuntur,
1090 3942 1166 3987 casu
1194 3921 1314 3988 factum

155 4049 223 4096 esse
239 4031 382 4112 apparet.

1130 4137 1145 4192 1
1156 4136 1171 4169 s
