2940 4492
778 189 819 252 98

295 361 557 444 δωροδοκηστίΕ
579 363 640 427 996
662 360 769 443 aaa,
792 369 924 448 accepta
938 365 1086 447 pecunia;
1110 384 1175 447 qua
1191 384 1270 428 voce
1292 365 1374 429 allu-

213 467 297 532 ditur
325 469 367 532 ad
396 469 586 534 adiectivum
608 468 744 550 δωριστί
770 473 857 554 quod
879 493 908 536 v.
930 473 991 536 989
1011 471 1140 553 legitur,
1172 470 1328 551 (vocalem
1358 494 1378 553 η

213 593 269 636 cur
298 575 462 640 reiciamus
489 580 520 641 et
547 599 558 638 ι
578 596 789 659 reponamuS,
810 579 897 643 nulla
919 580 1044 643 videtur
1066 599 1134 642 esse
1157 598 1271 655 eausa,
1302 598 1377 643 eum

211 680 345 744 verbum
366 682 406 745 sit
428 681 649 766 δωροδοκίαι.)

294 785 448 866 dedecori
465 788 508 853 Ec
531 790 603 865 1493
626 794 825 872 βαρβαριστί
842 792 869 856 fr
890 793 948 867 453
969 788 1101 873 κριηδόι
1121 791 1146 853 L
1167 791 1236 854 309.

294 893 541 978 τετραποδηδόν
561 897 587 961 Ρ
609 899 686 973 896;
709 896 890 979 alerannum·
910 898 941 962 R
963 897 1032 961 894.

294 1001 538 1081 πλεισταχόθεν
564 1006 591 1069 fr
611 1006 685 1081 6683
715 1008 905 1086 τριβωνικῶς
926 1005 953 1067 V
976 1005 1053 1069 1139
1076 1001 1136 1066 c‘r'n.
1159 1006 1243 1085 λεγ.,·
1271 1005 1376 1086 signif.

218 1108 269 1171 »in
297 1110 428 1174 modum
457 1111 522 1175 triti
550 1111 633 1194 pallii
655 1113 673 1175 i.
687 1131 713 1176 e.
735 1116 771 1175 ut
799 1113 901 1176 lacere
923 1113 1002 1176 solet
1024 1112 1065 1184 is,
1087 1114 1141 1194 qui
1169 1117 1217 1176 est
1246 1113 1379 1177 indutus

213 1216 286 1278 trito
310 1217 434 1297 pallio«.
455 1254 493 1262 -

294 1322 616 1408 calidiomeam.
659 1325 854 1389 Scholiastae
870 1324 1076 1406 explicatione
1096 1325 1171 1387 nihil
1189 1325 1376 1399 edocemur;

214 1429 265 1493 hic
300 1432 397 1494 enim:
455 1432 532 1510 παρ’
567 1429 728 1492 ὑπόνοιαν
767 1432 829 1494 dici
864 1432 960 1494 videri
995 1432 1057 1494 hoc
1091 1432 1279 1495 adverbium
1319 1435 1378 1495 aut

214 1556 273 1618 pro
301 1537 354 1599 καὶ
389 1537 521 1619 βάλλειν
554 1537 657 1600 αὐτόν
695 1542 751 1601 aui
783 1559 841 1620 pro
876 1535 1075 1620 παλληνικόν
1110 1535 1140 1617 (ἰ.
1163 1557 1189 1600 e.
1225 1541 1379 1617 γενναίως

213 1643 377 1723 utrumn
399 1644 475 1711 illud
498 1649 605 1708 autem
627 1645 815 1726 significare:
839 1646 1001 1727 quomodo
1019 1644 1169 1708 Pallenae
1192 1645 1299 1721 fiebat,
1323 1645 1379 1708 ubi

213 1749 393 1815 Pisistratus
421 1753 573 1815 acerrime
596 1753 770 1834 pugnabat.
795 1788 830 1798 —
853 1751 923 1816 Meo
946 1753 1076 1834 quidem
1095 1752 1208 1815 iudicio
1231 1754 1256 1814 is
1278 1753 1376 1828 iocus

214 1876 310 1938 quem
338 1859 488 1939 expressit
510 1863 620 1941 poeta,
648 1859 740 1923 valde
772 1859 920 1923 molestus
952 1863 983 1923 et
1011 1859 1112 1940 magis
1133 1858 1380 1922 Atheniensium

214 1983 310 2044 quam
333 1967 447 2029 nostris
471 1967 601 2029 auribus
624 1967 814 2030 conveniens
836 1969 892 2028 est.
919 1966 973 2029 cfr.
993 1963 1171 2046 Holzingeri
1193 1965 1211 2026 l.
1232 1964 1250 2026 l.
1274 1985 1304 2046 p.
1317 1965 1367 2028 94.

296 2071 438 2154 Denique
460 2092 675 2136 commemoro
698 2072 809 2144 δυάκις
830 2076 861 2135 et
884 2070 1003 2153 τριάκις
1026 2072 1177 2136 adverbia
1199 2072 1381 2135 numeralia

213 2180 255 2242 ab
276 2179 336 2242 hoe
357 2180 425 2243 solo
444 2184 538 2261 poeta
559 2184 721 2262 usurpata,
747 2199 831 2261 quae
853 2179 881 2242 ir
901 2179 961 2242 607
986 2198 1037 2260 ap.
1058 2179 1161 2242 Schol.
1184 2180 1226 2243 ad
1246 2179 1379 2260 Dionys.

214 2288 326 2350 Thrac.
349 2288 382 2350 in
402 2287 498 2351 Bekk.
520 2287 631 2350 anecd.
654 2287 725 2364 949,
747 2287 788 2348 99
810 2286 965 2366 leguntur.
1384 2275 1389 2283 ⁸

296 2396 480 2476 Sequuntur
502 2394 804 2458 exclamationis
824 2394 1052 2475 particulae:
1075 2413 1163 2474 uuas
1184 2393 1270 2474 apud
1291 2393 1382 2457 hunc

214 2506 341 2582 poetam
362 2503 533 2583 permultas
554 2502 684 2565 inveniri
707 2521 746 2565 ex
767 2501 950 2565 comoediae
972 2504 1089 2563 natura
1112 2500 1262 2582 sequitur.
1315 2500 1382 2564 Sed

215 2627 332 2689 paucas
349 2628 477 2688 prorsus
494 2629 593 2672 novas
607 2608 704 2672 hahet
722 2608 791 2671 An:
815 2608 965 2690 plurimas
985 2608 1069 2670 enim
1088 2626 1208 2683 earum,
1230 2627 1311 2687 quas
1328 2607 1382 2671 iile

214 2720 354 2794 usurpat,
378 2716 419 2779 ab
440 2715 507 2793 aliis
523 2736 649 2797 quoque
671 2716 830 2778 adhibitas
854 2735 921 2779 esse
935 2714 1087 2778 videmus.
1130 2715 1205 2776 lnde
1225 2714 1382 2794 sequitur,

214 2822 341 2885 voculas
371 2823 631 2886 exclamationem
659 2823 872 2904 significantes
900 2823 1048 2885 omnibus
1072 2821 1270 2885 sermonibus
1298 2820 1383 2900 (dia-

213 2929 319 3009 lectis)
355 2929 481 2993 Graecis
512 2929 605 2992 luisse
633 2949 819 2993 communes
853 2949 912 2992 nec
942 2929 1187 2992 discernendum
1220 2947 1288 2990 esse
1318 2928 1384 2991 hac

214 3036 253 3098 de
276 3056 310 3098 re
331 3037 414 3099 inter
434 3037 627 3116 tragicorum
648 3040 679 3099 et
702 3037 894 3100 comicorum
917 3036 1116 3117 aliorumque
1131 3055 1233 3099 usum.
1270 3034 1384 3097 Unum

214 3161 290 3205 vero
311 3144 411 3224 magis
434 3163 553 3208 novum
573 3144 612 3207 de
635 3144 728 3207 huius
749 3147 860 3224 poetae
876 3143 1105 3224 particularum
1117 3161 1178 3204 usu
1193 3142 1384 3205 observasse

214 3248 291 3312 mihi
319 3251 441 3314 videor:
474 3270 540 3314 non
570 3271 687 3333 paucas
715 3251 902 3333 particulas,
931 3270 1010 3332 quas
1038 3251 1102 3312 iam
1131 3250 1183 3314 alii
1213 3250 1385 3329 scriptores

214 3361 426 3440 usurparunt,
458 3359 500 3422 ab
529 3358 580 3421 illo
609 3359 883 3422 terminationibus
913 3357 1030 3421 comice
1060 3356 1317 3421 additisauctas
1353 3361 1387 3420 et

216 3464 425 3548 amplificatas
458 3485 534 3527 esse.
593 3466 755 3529 Nonnulla
793 3465 929 3547 denique
964 3464 1119 3527 voeabula
1157 3461 1386 3545 etymologiam

216 3575 338 3634 certam
356 3591 421 3635 non
439 3572 573 3646 habent3
596 3572 837 3636 scholiastarum
861 3572 945 3635 enirn
968 3571 1071 3633 verbis
1093 3590 1157 3634 non
1181 3570 1278 3632 niinia
1302 3570 1386 3634 fides

216 3678 364 3742 habenda
386 3682 441 3741 est.

296 3786 377 3866 βρῦν
394 3785 422 3849 Ν
441 3785 518 3848 1389
540 3784 678 3848 clamare
700 3785 774 3847 dicit
796 3784 891 3848 schol.
909 3784 1054 3862 infantes,
1076 3784 1130 3864 qui
1149 3784 1257 3847 bibere
1273 3783 1385 3849 velint.

299 3890 459 3972 βαβαιάξ,
482 3910 546 3972 quo
574 3891 702 3955 effertur
730 3891 776 3954 vis
800 3891 931 3955 voculae
959 3894 1063 3970 βαβαί
1088 3892 1214 3972 saepius
1243 3891 1285 3952 ab
1314 3891 1387 3955 aliis

215 4018 344 4082 quoque
366 3997 571 4079 scriptoribus
593 3998 770 4078 adhibitae,
799 3999 953 4079 significat
975 3999 1115 4080 primum
1136 3997 1384 4063 admirationem
