2940 4492
773 173 813 238 32

292 352 331 416 A.
357 352 477 417 Verba
507 351 551 416 de
577 353 698 418 verbis
726 353 901 418 derivata
922 356 958 417 et
986 355 1188 419 verborum
1210 355 1372 433 formae,

499 479 595 542 qnae
621 464 804 524 vocantur
831 460 1090 525 secundariae.

292 563 380 629 Haec
396 566 493 630 verba
515 569 650 648 apparet
671 585 796 647 semper
817 566 973 631 diversam
993 587 1031 631 ac
1046 569 1190 649 paullum
1207 570 1371 631 mutatam

210 672 329 737 habere
342 671 602 752 significationem
620 672 711 736 abiis
726 673 839 750 verbis
859 673 898 736 de
913 674 1027 755 quibus
1041 674 1240 749 derivantur3
1262 673 1371 737 omnia

212 778 392 843 deverbalia
413 777 628 842 distribuimus
648 778 680 842 in
702 778 817 843 classes
838 799 907 842 sex:

293 885 315 950 l.
355 904 392 948 ac
432 885 534 966 primo
574 884 703 966 quidem
741 884 810 949 loco
851 887 1013 968 posuimus
1050 887 1149 951 verba
1189 887 1371 952 dcverbalia

211 992 483 1069 desiderativa,
502 1010 639 1073 quorum

293 1099 325 1181 a)
348 1099 412 1163 duo
431 1100 463 1161 in
485 1102 580 1160 -on'e
601 1101 732 1162 exeunt:

291 1210 406 1287 χεσείω
433 1205 550 1282 Ε998,
578 1204 608 1267 N
631 1204 701 1268 295.
724 1203 865 1283 δρασείω
896 1205 980 1270 Psst
1001 1206 1099 1288 (quod
1123 1207 1253 1271 verbum
1283 1204 1371 1288 apud

211 1315 308 1396 Soph.
330 1333 457 1396 quoque
491 1316 521 1375 et
549 1311 622 1375 Eur.
643 1311 823 1387 invenitur).
853 1313 909 1376 cfr.
934 1313 975 1376 ad
1003 1313 1087 1378 hanc
1114 1314 1373 1378 terminationem

210 1423 311 1486 Lexic.
324 1420 483 1503 Apollonii
501 1418 667 1501 putatu:
689 1419 707 1480 ὁ
728 1417 765 1480 δὲ
787 1417 888 1492 τύπος
910 1423 966 1502 τῆς
986 1419 1100 1495 λέξεως
1121 1418 1265 1494 α’ττικός.
1278 1419 1373 1483 ..κτλ

212 1532 243 1592 et
265 1548 304 1593 ea
326 1547 409 1609 quae
431 1525 601 1590 Curtius
624 1525 641 1590 l.
664 1526 683 1590 l.
705 1525 740 1589 ll.
763 1546 794 1607 p.
818 1526 878 1589 385
906 1526 1048 1591 adhaec
1077 1527 1175 1591 verba
1195 1527 1371 1591 adnotavit.

286 1635 320 1715 b)
343 1635 381 1698 in
404 1631 504 1696 -σιάω
534 1633 597 1696 exit
624 1629 787 1695 utnuorolo
817 1632 855 1697 Pl
878 1633 957 1697 1099
979 1629 1038 1696 ἅπ.
1060 1633 1134 1714 try„
1157 1634 1244 1716 quod
1265 1634 1372 1716 ipsum

212 1761 340 1826 quoquc
358 1741 448 1805 aliter
470 1744 568 1821 atque
589 1736 755 1803 Curtius
775 1742 805 1803 et
826 1739 1032 1804 Passovius
1054 1740 1284 1805 declarandum
1304 1759 1373 1804 esse

211 1851 362 1914 existimo.
413 1846 490 1927 (Hic
517 1847 557 1909 de
583 1844 714 1917 κλαῦσις
735 1846 878 1923 deduxit,
908 1848 995 1928 quod
1013 1848 1045 1909 in
1073 1847 1182 1928 lingua
1205 1866 1372 1930 nunquam

211 1958 305 2022 fuisse
325 1955 424 2019 lexica
445 1951 620 2033 testantur).
670 1952 752 2018 Nam
773 1955 808 2016 ut
835 1953 875 2015 de
895 1950 997 2032 δράωε
1025 1951 1138 2033 δράσω
1166 1956 1197 2018 et
1219 1953 1373 2035 δρασείω,

211 2065 254 2128 ita
280 2064 319 2127 de
339 2058 439 2124 aleta:
472 2056 603 2123 κλαύσω
632 2063 663 2122 et
691 2057 856 2122 κλαυσιοέω
877 2059 1030 2140 originem
1054 2060 1152 2124 ducit:
1182 2061 1269 2143 quod
1297 2080 1375 2125 vero

210 2171 301 2248 -ιάω,
334 2188 399 2233 non
422 2171 490 2229 -είω
512 2166 633 2250 syllaba
655 2166 742 2247 stirpi
762 2166 891 2230 futurali
920 2166 1030 2230 addita
1051 2171 1114 2245 est,
1144 2167 1375 2232 offendendum

211 2281 353 2343 nonest:
377 2295 452 2338 nam
474 2275 553 2338 haec
576 2274 757 2337 terminatio
778 2292 873 2354 saepe
896 2274 1052 2338 invenitur
1074 2276 1105 2337 in
1126 2274 1235 2355 lingua
1250 2273 1375 2339 Graeca

212 2383 354 2449 desiderii
384 2381 540 2465 praebens
568 2381 845 2461 significationem:
875 2379 941 2459 (cfr.
970 2401 1008 2445 ea
1035 2382 1149 2461 verba,
1179 2401 1262 2463 quac
1289 2381 1375 2446 intra

212 2488 397 2574 posuimus).
420 2525 457 2533 —
479 2488 515 2552 ln
543 2487 591 2551 his
615 2487 762 2551 omnibus
789 2490 896 2552 autem
923 2489 1017 2552 rebus
1038 2488 1115 2552 illud
1134 2489 1270 2553 maxime
1293 2488 1377 2552 mihi

211 2597 413 2662 retinendum
434 2596 649 2672 videturesse,
670 2596 777 2659 omnia
793 2596 900 2672 verba,
923 2596 948 2658 si
969 2595 1033 2659 ullo
1054 2596 1150 2659 modo
1171 2595 1239 2660 fieri
1259 2598 1376 2677 potest,

212 2708 251 2770 de
280 2705 315 2768 iis
343 2703 504 2767 vocabulis
533 2721 600 2764 esse
624 2701 809 2780 derivanda,
843 2723 926 2784 quae
955 2707 1011 2766 aut
1038 2723 1149 2767 revera
1176 2705 1285 2767 extant
1317 2707 1377 2766 aut

211 2814 382 2903 extiterunt
396 2811 429 2873 in
443 2810 561 2889 lingua,
583 2829 648 2873 non
661 2808 701 2871 de
714 2809 854 2873 obscuris
872 2810 1030 2892 aliquibus
1046 2815 1078 2874 et
1092 2810 1217 2874 incertis
1232 2809 1376 2888 vocibus

212 2939 291 3003 quas
312 2917 448 2982 extitisse
469 2932 511 2980 ne
531 2915 695 2979 verisimile
717 2915 844 2997 quidem
866 2918 929 2980 est!
953 2953 984 2960 -

294 3025 375 3090 Huic
403 3022 617 3087 terminationi
647 3025 679 3085 et
700 3022 802 3086 forma
831 3026 863 3087 et
884 3025 1012 3088 notione
1032 3027 1168 3105 cognata
1189 3028 1249 3088 cst:
1281 3020 1378 3102 -ιάω,

213 3153 312 3218 quam
337 3132 492 3195 habemus
520 3130 553 3193 in
574 3150 603 3193 v.
627 3126 774 3210 dpaxrota
807 3129 881 3211 (cfr.
908 3129 1040 3195 Curtii
1062 3131 1079 3193 l.
1103 3131 1123 3193 l.
1146 3131 1169 3208 1,
1191 3129 1280 3210 349);
1311 3130 1379 3195 hoc
1460 3145 1462 3153 ’

212 3244 321 3305 autern
334 3239 478 3315 verbum,
488 3237 599 3313 forma,
612 3256 694 3319 quae
709 3237 821 3300 dicitur
835 3237 1032 3314 secundaria,
1043 3238 1131 3301 verbi
1146 3234 1285 3320 ω’χριάω,
1299 3256 1379 3303 mea

213 3349 341 3430 quidem
356 3344 599 3409 sententiarum
615 3344 725 3425 spiritu
737 3343 821 3407 leni
836 3343 928 3424 (nonz
940 3344 1100 3427 ὠρακιάω)
1116 3350 1201 3410 recte
1215 3349 1377 3410 exaratur.

294 3455 323 3535 cl
343 3452 487 3534 Denique
514 3451 588 3515 huic
614 3451 704 3515 classi
725 3451 898 3514 verborum
920 3450 1108 3515 desiderium
1129 3452 1379 3534 exprimentium

212 3559 455 3627 adnumeranda
476 3559 550 3622 sunt
571 3557 682 3621 verba:

294 3662 449 3748 βινητιάω
459 3669 490 3728 et
506 3661 664 3746 οὐρητιάω
680 3663 705 3725 V
720 3664 789 3741 807,
803 3663 843 3733 de
859 3663 973 3746 quibus
989 3665 1053 3729 iam
1067 3684 1163 3746 supra
1180 3665 1300 3729 dictum
1316 3669 1378 3730 est.

294 3773 328 3837 Π.
369 3771 488 3849 Verba,
510 3790 592 3853 quae
612 3774 687 3834 sunt
708 3770 828 3834 formae
848 3771 1095 3835 secundariae
1124 3770 1173 3834 vel
1199 3791 1237 3835 ex
1259 3770 1378 3852 aliena,

213 3881 401 3964 plerumque
422 3878 539 3956 dorica,
561 3877 696 3941 dialecto
717 3878 848 3959 petitae:

293 3985 449 4069 μακκοάω
470 3984 496 4049 Ε
515 3984 569 4064 aa,
596 3985 729 4060 verbum
756 4004 820 4049 non
849 3984 964 4048 atticae
994 3985 1117 4049 videtur
1145 4002 1212 4048 esse
1231 3982 1377 4063 dialecti;
