<?xml version="1.0" encoding="UTF-8"?>
<!DOCTYPE html PUBLIC "-//W3C//DTD XHTML 1.0 Transitional//EN"
    "http://www.w3.org/TR/xhtml1/DTD/xhtml1-transitional.dtd">
<html xmlns="http://www.w3.org/1999/xhtml" xml:lang="en" lang="en">
 <head>
  <title>
</title>
<meta http-equiv="Content-Type" content="text/html;charset=utf-8" />
  <meta name='ocr-system' content='tesseract 3.04.00' />
  <meta name='ocr-capabilities' content='ocr_page ocr_carea ocr_par ocr_line ocrx_word'/>
</head>
<body>
  <div class='ocr_page' id='page_1' title='image "./dearistophanisc00uckegoog_0056.png"; bbox 0 0 2940 4492; ppageno 0'>
   <div class='ocr_carea' id='block_1_1' title="bbox 653 172 694 239">
    <p class='ocr_par' dir='ltr' id='par_1_1' title="bbox 653 172 694 239">
     <span class='ocr_line' id='line_1_1' title="bbox 653 172 694 239; baseline 0 0"><span class='ocrx_word' id='word_1_1' title='bbox 653 172 694 239; x_wconf 79' lang='grc'>43</span> 
     </span>
    </p>
   </div>
   <div class='ocr_carea' id='block_1_2' title="bbox 87 346 1261 1509">
    <p class='ocr_par' dir='ltr' id='par_1_2' title="bbox 87 346 1261 1509">
     <span class='ocr_line' id='line_1_2' title="bbox 87 346 1258 436; baseline -0.003 -16"><span class='ocrx_word' id='word_1_2' title='bbox 87 360 90 365; x_wconf 79' lang='grc'>’</span> <span class='ocrx_word' id='word_1_3' title='bbox 175 356 250 420; x_wconf 88' lang='lat' dir='ltr'>Tria</span> <span class='ocrx_word' id='word_1_4' title='bbox 272 375 390 436; x_wconf 86' lang='lat' dir='ltr'>magna</span> <span class='ocrx_word' id='word_1_5' title='bbox 408 356 655 436; x_wconf 89' lang='lat' dir='ltr'>compositorum</span> <span class='ocrx_word' id='word_1_6' title='bbox 678 374 798 436; x_wconf 81' lang='lat' dir='ltr'>genera</span> <span class='ocrx_word' id='word_1_7' title='bbox 820 351 941 418; x_wconf 88' lang='lat' dir='ltr'>tamin</span> <span class='ocrx_word' id='word_1_8' title='bbox 963 349 1116 417; x_wconf 86' lang='lat' dir='ltr'>universis</span> <span class='ocrx_word' id='word_1_9' title='bbox 1131 346 1258 418; x_wconf 81' lang='lat' dir='ltr'>Graecis</span> 
     </span>
     <span class='ocr_line' id='line_1_3' title="bbox 95 461 1260 546; baseline -0.004 -18"><span class='ocrx_word' id='word_1_10' title='bbox 95 484 193 546; x_wconf 86' lang='lat' dir='ltr'>quarn</span> <span class='ocrx_word' id='word_1_11' title='bbox 219 465 252 527; x_wconf 90' lang='lat' dir='ltr'>in</span> <span class='ocrx_word' id='word_1_12' title='bbox 273 463 513 543; x_wconf 87' lang='lat' dir='ltr'>Aristophaneis</span> <span class='ocrx_word' id='word_1_13' title='bbox 541 465 723 544; x_wconf 89' lang='lat' dir='ltr'>compositis</span> <span class='ocrx_word' id='word_1_14' title='bbox 751 463 896 544; x_wconf 78' lang='lat' dir='ltr'>distingui</span> <span class='ocrx_word' id='word_1_15' title='bbox 926 480 1017 543; x_wconf 89' lang='lat' dir='ltr'>posse</span> <span class='ocrx_word' id='word_1_16' title='bbox 1047 461 1110 523; x_wconf 88' lang='lat' dir='ltr'>iam</span> <span class='ocrx_word' id='word_1_17' title='bbox 1142 461 1260 524; x_wconf 90' lang='lat' dir='ltr'>dictum</span> 
     </span>
     <span class='ocr_line' id='line_1_4' title="bbox 95 568 1261 665; baseline -0.004 -31"><span class='ocrx_word' id='word_1_18' title='bbox 95 571 185 650; x_wconf 84' lang='lat' dir='ltr'>est*).</span> <span class='ocrx_word' id='word_1_19' title='bbox 235 570 368 634; x_wconf 92' lang='lat' dir='ltr'>Primo</span> <span class='ocrx_word' id='word_1_20' title='bbox 401 570 507 648; x_wconf 81' lang='lat' dir='ltr'>generi</span> <span class='ocrx_word' id='word_1_21' title='bbox 533 588 571 632; x_wconf 91' lang='lat' dir='ltr'>ea</span> <span class='ocrx_word' id='word_1_22' title='bbox 597 571 773 651; x_wconf 90' lang='lat' dir='ltr'>composita</span> <span class='ocrx_word' id='word_1_23' title='bbox 800 569 1068 665; x_wconf 48' lang='lat' dir='ltr'>adnumerantur,</span> <span class='ocrx_word' id='word_1_24' title='bbox 1106 588 1188 650; x_wconf 88' lang='lat' dir='ltr'>quae</span> <span class='ocrx_word' id='word_1_25' title='bbox 1217 568 1261 630; x_wconf 91' lang='lat' dir='ltr'>ita</span> 
     </span>
     <span class='ocr_line' id='line_1_5' title="bbox 95 675 1261 757; baseline 0 -15"><span class='ocrx_word' id='word_1_26' title='bbox 95 680 232 742; x_wconf 86' lang='lat' dir='ltr'>formata</span> <span class='ocrx_word' id='word_1_27' title='bbox 248 680 331 753; x_wconf 86' lang='lat' dir='ltr'>sunt,</span> <span class='ocrx_word' id='word_1_28' title='bbox 350 680 385 738; x_wconf 91' lang='lat' dir='ltr'>ut</span> <span class='ocrx_word' id='word_1_29' title='bbox 401 675 556 738; x_wconf 90' lang='lat' dir='ltr'>vocabula</span> <span class='ocrx_word' id='word_1_30' title='bbox 573 676 738 739; x_wconf 87' lang='lat' dir='ltr'>formalem</span> <span class='ocrx_word' id='word_1_31' title='bbox 753 678 818 739; x_wconf 81' lang='lat' dir='ltr'>rim</span> <span class='ocrx_word' id='word_1_32' title='bbox 833 676 985 739; x_wconf 89' lang='lat' dir='ltr'>habentia</span> <span class='ocrx_word' id='word_1_33' title='bbox 1000 675 1261 757; x_wconf 78' lang='lat' dir='ltr'>(praepositiones</span> 
     </span>
     <span class='ocr_line' id='line_1_6' title="bbox 95 783 1260 866; baseline 0.001 -18"><span class='ocrx_word' id='word_1_34' title='bbox 95 785 242 865; x_wconf 78' lang='lat' dir='ltr'>intellego</span> <span class='ocrx_word' id='word_1_35' title='bbox 263 789 294 847; x_wconf 88' lang='lat' dir='ltr'>et</span> <span class='ocrx_word' id='word_1_36' title='bbox 314 784 467 846; x_wconf 90' lang='lat' dir='ltr'>adverbia</span> <span class='ocrx_word' id='word_1_37' title='bbox 482 783 647 863; x_wconf 84' lang='lat' dir='ltr'>nonnulla)</span> <span class='ocrx_word' id='word_1_38' title='bbox 665 787 897 866; x_wconf 87' lang='lat' dir='ltr'>componantur</span> <span class='ocrx_word' id='word_1_39' title='bbox 912 784 1048 847; x_wconf 89' lang='lat' dir='ltr'>alterum</span> <span class='ocrx_word' id='word_1_40' title='bbox 1063 802 1136 847; x_wconf 90' lang='lat' dir='ltr'>cum</span> <span class='ocrx_word' id='word_1_41' title='bbox 1151 784 1260 863; x_wconf 85' lang='lat' dir='ltr'>altere,</span> 
     </span>
     <span class='ocr_line' id='line_1_7' title="bbox 95 889 1261 972; baseline 0 -16"><span class='ocrx_word' id='word_1_42' title='bbox 95 892 182 956; x_wconf 83' lang='lat' dir='ltr'>velut</span> <span class='ocrx_word' id='word_1_43' title='bbox 196 897 310 970; x_wconf 72' lang='grc' dir='ltr'><em>παρέκ,</em></span> <span class='ocrx_word' id='word_1_44' title='bbox 326 889 559 970; x_wconf 67' lang='grc' dir='ltr'><strong><em>α’ντ-εις-φέρω.</em></strong></span> <span class='ocrx_word' id='word_1_45' title='bbox 595 890 766 953; x_wconf 87' lang='lat' dir='ltr'>Alterius</span> <span class='ocrx_word' id='word_1_46' title='bbox 783 891 904 970; x_wconf 87' lang='lat' dir='ltr'>generis</span> <span class='ocrx_word' id='word_1_47' title='bbox 920 892 1095 972; x_wconf 88' lang='lat' dir='ltr'>composita</span> <span class='ocrx_word' id='word_1_48' title='bbox 1110 910 1148 954; x_wconf 84' lang='lat' dir='ltr'>ex</span> <span class='ocrx_word' id='word_1_49' title='bbox 1166 911 1261 956; x_wconf 76' lang='lat' dir='ltr'>»voce</span> 
     </span>
     <span class='ocr_line' id='line_1_8' title="bbox 98 996 1260 1079; baseline 0 -17"><span class='ocrx_word' id='word_1_50' title='bbox 98 998 239 1062; x_wconf 75' lang='lat' dir='ltr'>formali«</span> <span class='ocrx_word' id='word_1_51' title='bbox 263 1001 296 1061; x_wconf 89' lang='lat' dir='ltr'>et</span> <span class='ocrx_word' id='word_1_52' title='bbox 318 996 482 1072; x_wconf 72' lang='lat' dir='ltr'>vocabula</span> <span class='ocrx_word' id='word_1_53' title='bbox 509 996 615 1078; x_wconf 81' lang='lat' dir='ltr'>»quod</span> <span class='ocrx_word' id='word_1_54' title='bbox 638 998 701 1060; x_wconf 89' lang='lat' dir='ltr'>vim</span> <span class='ocrx_word' id='word_1_55' title='bbox 724 998 860 1061; x_wconf 89' lang='lat' dir='ltr'>notionis</span> <span class='ocrx_word' id='word_1_56' title='bbox 883 999 1056 1075; x_wconf 77' lang='lat' dir='ltr'>continet«,</span> <span class='ocrx_word' id='word_1_57' title='bbox 1079 998 1260 1079; x_wconf 85' lang='lat' dir='ltr'>(verbovel</span> 
     </span>
     <span class='ocr_line' id='line_1_9' title="bbox 96 1102 1261 1186; baseline -0.001 -16"><span class='ocrx_word' id='word_1_58' title='bbox 96 1102 300 1184; x_wconf 84' lang='lat' dir='ltr'>nomine)**)‚</span> <span class='ocrx_word' id='word_1_59' title='bbox 315 1105 396 1167; x_wconf 93' lang='lat' dir='ltr'>inter</span> <span class='ocrx_word' id='word_1_60' title='bbox 410 1124 443 1166; x_wconf 88' lang='lat' dir='ltr'>se</span> <span class='ocrx_word' id='word_1_61' title='bbox 461 1103 636 1166; x_wconf 91' lang='lat' dir='ltr'>coniunctis</span> <span class='ocrx_word' id='word_1_62' title='bbox 653 1107 811 1167; x_wconf 89' lang='lat' dir='ltr'>constant.</span> <span class='ocrx_word' id='word_1_63' title='bbox 846 1103 964 1167; x_wconf 87' lang='lat' dir='ltr'>Tertii</span> <span class='ocrx_word' id='word_1_64' title='bbox 985 1105 1151 1185; x_wconf 57' lang='lat' dir='ltr'>generis</span> <span class='ocrx_word' id='word_1_65' title='bbox 1174 1105 1261 1186; x_wconf 88' lang='lat' dir='ltr'>quod</span> 
     </span>
     <span class='ocr_line' id='line_1_10' title="bbox 99 1210 1258 1291; baseline -0.003 -14"><span class='ocrx_word' id='word_1_66' title='bbox 99 1218 146 1277; x_wconf 88' lang='lat' dir='ltr'>est</span> <span class='ocrx_word' id='word_1_67' title='bbox 164 1230 298 1275; x_wconf 89' lang='lat' dir='ltr'>numero</span> <span class='ocrx_word' id='word_1_68' title='bbox 319 1211 505 1285; x_wconf 87' lang='lat' dir='ltr'>maximum,</span> <span class='ocrx_word' id='word_1_69' title='bbox 530 1210 706 1291; x_wconf 89' lang='lat' dir='ltr'>composita</span> <span class='ocrx_word' id='word_1_70' title='bbox 725 1211 769 1274; x_wconf 89' lang='lat' dir='ltr'>ita</span> <span class='ocrx_word' id='word_1_71' title='bbox 784 1212 921 1275; x_wconf 87' lang='lat' dir='ltr'>formata</span> <span class='ocrx_word' id='word_1_72' title='bbox 935 1214 1019 1287; x_wconf 85' lang='lat' dir='ltr'>sunt,</span> <span class='ocrx_word' id='word_1_73' title='bbox 1044 1214 1079 1274; x_wconf 89' lang='lat' dir='ltr'>ut</span> <span class='ocrx_word' id='word_1_74' title='bbox 1093 1211 1258 1290; x_wconf 86' lang='lat' dir='ltr'>vocabula,</span> 
     </span>
     <span class='ocr_line' id='line_1_11' title="bbox 98 1317 1259 1401; baseline -0.001 -18"><span class='ocrx_word' id='word_1_75' title='bbox 98 1339 182 1401; x_wconf 86' lang='lat' dir='ltr'>quae</span> <span class='ocrx_word' id='word_1_76' title='bbox 202 1320 265 1382; x_wconf 90' lang='lat' dir='ltr'>vim</span> <span class='ocrx_word' id='word_1_77' title='bbox 287 1318 423 1381; x_wconf 89' lang='lat' dir='ltr'>notionis</span> <span class='ocrx_word' id='word_1_78' title='bbox 444 1317 579 1393; x_wconf 86' lang='lat' dir='ltr'>habent,</span> <span class='ocrx_word' id='word_1_79' title='bbox 608 1318 743 1381; x_wconf 90' lang='lat' dir='ltr'>alterum</span> <span class='ocrx_word' id='word_1_80' title='bbox 766 1337 838 1381; x_wconf 91' lang='lat' dir='ltr'>cum</span> <span class='ocrx_word' id='word_1_81' title='bbox 861 1318 962 1381; x_wconf 86' lang='lat' dir='ltr'>altero</span> <span class='ocrx_word' id='word_1_82' title='bbox 984 1318 1033 1381; x_wconf 90' lang='lat' dir='ltr'>vel</span> <span class='ocrx_word' id='word_1_83' title='bbox 1054 1318 1150 1381; x_wconf 91' lang='lat' dir='ltr'>etiam</span> <span class='ocrx_word' id='word_1_84' title='bbox 1173 1339 1259 1382; x_wconf 89' lang='lat' dir='ltr'>com-</span> 
     </span>
     <span class='ocr_line' id='line_1_12' title="bbox 97 1425 611 1509; baseline -0.004 -21"><span class='ocrx_word' id='word_1_85' title='bbox 97 1426 191 1509; x_wconf 84' lang='lat' dir='ltr'>plura</span> <span class='ocrx_word' id='word_1_86' title='bbox 212 1425 294 1489; x_wconf 91' lang='lat' dir='ltr'>inter</span> <span class='ocrx_word' id='word_1_87' title='bbox 314 1444 348 1487; x_wconf 89' lang='lat' dir='ltr'>se</span> <span class='ocrx_word' id='word_1_88' title='bbox 368 1428 611 1504; x_wconf 89' lang='lat' dir='ltr'>componantur.</span> 
     </span>
    </p>
   </div>
   <div class='ocr_carea' id='block_1_3' title="bbox 96 1555 1260 2066">
    <p class='ocr_par' dir='ltr' id='par_1_3' title="bbox 96 1555 1260 2066">
     <span class='ocr_line' id='line_1_13' title="bbox 178 1555 1259 1639; baseline 0 -19"><span class='ocrx_word' id='word_1_89' title='bbox 178 1555 242 1620; x_wconf 86' lang='lat' dir='ltr'>Sed</span> <span class='ocrx_word' id='word_1_90' title='bbox 264 1555 485 1619; x_wconf 89' lang='lat' dir='ltr'>adnotandum</span> <span class='ocrx_word' id='word_1_91' title='bbox 510 1558 564 1631; x_wconf 89' lang='lat' dir='ltr'>est,</span> <span class='ocrx_word' id='word_1_92' title='bbox 584 1555 733 1636; x_wconf 87' lang='lat' dir='ltr'>pleraque</span> <span class='ocrx_word' id='word_1_93' title='bbox 750 1555 891 1636; x_wconf 81' lang='lat' dir='ltr'>priorum</span> <span class='ocrx_word' id='word_1_94' title='bbox 907 1575 1059 1636; x_wconf 83' lang='lat' dir='ltr'>generum</span> <span class='ocrx_word' id='word_1_95' title='bbox 1076 1558 1259 1639; x_wconf 82' lang='lat' dir='ltr'>composita,</span> 
     </span>
     <span class='ocr_line' id='line_1_14' title="bbox 96 1662 1260 1744; baseline 0.001 -18"><span class='ocrx_word' id='word_1_96' title='bbox 96 1662 121 1727; x_wconf 91' lang='lat' dir='ltr'>si</span> <span class='ocrx_word' id='word_1_97' title='bbox 155 1663 415 1744; x_wconf 88' lang='lat' dir='ltr'>significationem</span> <span class='ocrx_word' id='word_1_98' title='bbox 445 1666 641 1743; x_wconf 78' lang='lat' dir='ltr'>spectamuS‚</span> <span class='ocrx_word' id='word_1_99' title='bbox 676 1663 817 1743; x_wconf 85' lang='lat' dir='ltr'>proxime</span> <span class='ocrx_word' id='word_1_100' title='bbox 848 1662 890 1726; x_wconf 90' lang='lat' dir='ltr'>ad</span> <span class='ocrx_word' id='word_1_101' title='bbox 923 1682 995 1726; x_wconf 89' lang='lat' dir='ltr'>eam</span> <span class='ocrx_word' id='word_1_102' title='bbox 1023 1663 1107 1726; x_wconf 81' lang='lat' dir='ltr'>tertii</span> <span class='ocrx_word' id='word_1_103' title='bbox 1138 1665 1260 1744; x_wconf 86' lang='lat' dir='ltr'>generis</span> 
     </span>
     <span class='ocr_line' id='line_1_15' title="bbox 96 1751 1260 1852; baseline 0 -18"><span class='ocrx_word' id='word_1_104' title='bbox 96 1771 230 1834; x_wconf 82' lang='lat' dir='ltr'>classem</span> <span class='ocrx_word' id='word_1_105' title='bbox 250 1770 408 1845; x_wconf 82' lang='lat' dir='ltr'>accedere,</span> <span class='ocrx_word' id='word_1_106' title='bbox 431 1751 631 1851; x_wconf 69' lang='lat' dir='ltr'>quaminfra</span> <span class='ocrx_word' id='word_1_107' title='bbox 647 1769 862 1833; x_wconf 86' lang='lat' dir='ltr'>adverbialem</span> <span class='ocrx_word' id='word_1_108' title='bbox 877 1772 1071 1847; x_wconf 70' lang='lat' dir='ltr'>vocavimus</span> <span class='ocrx_word' id='word_1_109' title='bbox 1091 1774 1260 1852; x_wconf 87' lang='lat' dir='ltr'>propterea</span> 
     </span>
     <span class='ocr_line' id='line_1_16' title="bbox 97 1874 1259 1959; baseline -0.001 -18"><span class='ocrx_word' id='word_1_110' title='bbox 97 1877 184 1959; x_wconf 88' lang='lat' dir='ltr'>quod</span> <span class='ocrx_word' id='word_1_111' title='bbox 216 1876 374 1939; x_wconf 90' lang='lat' dir='ltr'>interdum</span> <span class='ocrx_word' id='word_1_112' title='bbox 406 1874 598 1956; x_wconf 84' lang='lat' dir='ltr'>praepositio</span> <span class='ocrx_word' id='word_1_113' title='bbox 631 1875 771 1938; x_wconf 88' lang='lat' dir='ltr'>adverbii</span> <span class='ocrx_word' id='word_1_114' title='bbox 804 1877 966 1939; x_wconf 90' lang='lat' dir='ltr'>notionem</span> <span class='ocrx_word' id='word_1_115' title='bbox 997 1895 1034 1940; x_wconf 86' lang='lat' dir='ltr'>ae</span> <span class='ocrx_word' id='word_1_116' title='bbox 1064 1878 1128 1940; x_wconf 86' lang='lat' dir='ltr'>vim</span> <span class='ocrx_word' id='word_1_117' title='bbox 1160 1896 1259 1959; x_wconf 91' lang='lat' dir='ltr'>prope</span> 
     </span>
     <span class='ocr_line' id='line_1_17' title="bbox 99 1982 293 2066; baseline -0.026 -18"><span class='ocrx_word' id='word_1_118' title='bbox 99 1982 293 2066; x_wconf 86' lang='lat' dir='ltr'>aequat***).</span> 
     </span>
    </p>
   </div>
   <div class='ocr_carea' id='block_1_4' title="bbox 97 2113 1262 2835">
    <p class='ocr_par' dir='ltr' id='par_1_4' title="bbox 97 2113 1262 2835">
     <span class='ocr_line' id='line_1_18' title="bbox 180 2113 1260 2196; baseline 0.001 -19"><span class='ocrx_word' id='word_1_119' title='bbox 180 2115 230 2178; x_wconf 87' lang='lat' dir='ltr'>Sic</span> <span class='ocrx_word' id='word_1_120' title='bbox 252 2114 284 2176; x_wconf 92' lang='lat' dir='ltr'>in</span> <span class='ocrx_word' id='word_1_121' title='bbox 306 2132 422 2193; x_wconf 90' lang='lat' dir='ltr'>magna</span> <span class='ocrx_word' id='word_1_122' title='bbox 443 2113 495 2176; x_wconf 91' lang='lat' dir='ltr'>illa</span> <span class='ocrx_word' id='word_1_123' title='bbox 518 2132 555 2175; x_wconf 90' lang='lat' dir='ltr'>ac</span> <span class='ocrx_word' id='word_1_124' title='bbox 577 2113 680 2194; x_wconf 89' lang='lat' dir='ltr'>prima</span> <span class='ocrx_word' id='word_1_125' title='bbox 703 2113 847 2177; x_wconf 88' lang='lat' dir='ltr'>omniurn</span> <span class='ocrx_word' id='word_1_126' title='bbox 868 2115 1116 2196; x_wconf 86' lang='lat' dir='ltr'>compositorum</span> <span class='ocrx_word' id='word_1_127' title='bbox 1137 2115 1260 2179; x_wconf 84' lang='lat' dir='ltr'>Aristo-</span> 
     </span>
     <span class='ocr_line' id='line_1_19' title="bbox 98 2220 1259 2304; baseline 0 -20"><span class='ocrx_word' id='word_1_128' title='bbox 98 2222 297 2304; x_wconf 88' lang='lat' dir='ltr'>phaneorum</span> <span class='ocrx_word' id='word_1_129' title='bbox 323 2221 472 2283; x_wconf 89' lang='lat' dir='ltr'>divisione</span> <span class='ocrx_word' id='word_1_130' title='bbox 495 2220 655 2300; x_wconf 89' lang='lat' dir='ltr'>agendum</span> <span class='ocrx_word' id='word_1_131' title='bbox 677 2239 746 2284; x_wconf 89' lang='lat' dir='ltr'>esse</span> <span class='ocrx_word' id='word_1_132' title='bbox 769 2220 980 2302; x_wconf 86' lang='lat' dir='ltr'>putabamus:</span> <span class='ocrx_word' id='word_1_133' title='bbox 1009 2221 1040 2284; x_wconf 92' lang='lat' dir='ltr'>in</span> <span class='ocrx_word' id='word_1_134' title='bbox 1063 2221 1259 2302; x_wconf 86' lang='lat' dir='ltr'>singularum</span> 
     </span>
     <span class='ocr_line' id='line_1_20' title="bbox 97 2326 1259 2409; baseline -0.001 -18"><span class='ocrx_word' id='word_1_135' title='bbox 97 2348 174 2391; x_wconf 88' lang='lat' dir='ltr'>vero</span> <span class='ocrx_word' id='word_1_136' title='bbox 210 2329 356 2391; x_wconf 89' lang='lat' dir='ltr'>classium</span> <span class='ocrx_word' id='word_1_137' title='bbox 391 2327 591 2408; x_wconf 84' lang='lat' dir='ltr'>dispositione</span> <span class='ocrx_word' id='word_1_138' title='bbox 626 2326 740 2409; x_wconf 87' lang='lat' dir='ltr'>(atque</span> <span class='ocrx_word' id='word_1_139' title='bbox 775 2326 855 2390; x_wconf 87' lang='lat' dir='ltr'>illius</span> <span class='ocrx_word' id='word_1_140' title='bbox 892 2328 1002 2391; x_wconf 86' lang='lat' dir='ltr'>tertiae</span> <span class='ocrx_word' id='word_1_141' title='bbox 1036 2326 1259 2409; x_wconf 85' lang='lat' dir='ltr'>potissimum),</span> 
     </span>
     <span class='ocr_line' id='line_1_21' title="bbox 97 2433 1258 2517; baseline -0.003 -17"><span class='ocrx_word' id='word_1_142' title='bbox 97 2438 255 2517; x_wconf 87' lang='lat' dir='ltr'>quantum</span> <span class='ocrx_word' id='word_1_143' title='bbox 285 2434 421 2496; x_wconf 84' lang='lat' dir='ltr'>maxime</span> <span class='ocrx_word' id='word_1_144' title='bbox 453 2437 653 2515; x_wconf 78' lang='lat' dir='ltr'>poteramuS,</span> <span class='ocrx_word' id='word_1_145' title='bbox 683 2440 903 2516; x_wconf 88' lang='lat' dir='ltr'>quantumque</span> <span class='ocrx_word' id='word_1_146' title='bbox 927 2433 1148 2516; x_wconf 87' lang='lat' dir='ltr'>Aristophanis</span> <span class='ocrx_word' id='word_1_147' title='bbox 1178 2435 1258 2497; x_wconf 90' lang='lat' dir='ltr'>ratio</span> 
     </span>
     <span class='ocr_line' id='line_1_22' title="bbox 98 2540 1262 2622; baseline -0.003 -15"><span class='ocrx_word' id='word_1_148' title='bbox 98 2543 140 2607; x_wconf 90' lang='lat' dir='ltr'>ab</span> <span class='ocrx_word' id='word_1_149' title='bbox 165 2542 233 2604; x_wconf 88' lang='lat' dir='ltr'>aliis</span> <span class='ocrx_word' id='word_1_150' title='bbox 259 2540 463 2621; x_wconf 88' lang='lat' dir='ltr'>scriptoribus</span> <span class='ocrx_word' id='word_1_151' title='bbox 498 2540 660 2603; x_wconf 88' lang='lat' dir='ltr'>discedens</span> <span class='ocrx_word' id='word_1_152' title='bbox 691 2540 873 2621; x_wconf 88' lang='lat' dir='ltr'>permittere</span> <span class='ocrx_word' id='word_1_153' title='bbox 901 2540 1085 2618; x_wconf 78' lang='lat' dir='ltr'>videbatur,</span> <span class='ocrx_word' id='word_1_154' title='bbox 1117 2541 1164 2622; x_wconf 83' lang='lat' dir='ltr'>ad¹</span> <span class='ocrx_word' id='word_1_155' title='bbox 1190 2560 1262 2604; x_wconf 89' lang='lat' dir='ltr'>eam</span> 
     </span>
     <span class='ocr_line' id='line_1_23' title="bbox 98 2633 1256 2730; baseline -0.002 -18"><span class='ocrx_word' id='word_1_156' title='bbox 98 2633 346 2730; x_wconf 85' lang='lat' dir='ltr'>compositorum</span> <span class='ocrx_word' id='word_1_157' title='bbox 363 2647 615 2710; x_wconf 89' lang='lat' dir='ltr'>distributionem</span> <span class='ocrx_word' id='word_1_158' title='bbox 629 2667 688 2710; x_wconf 90' lang='lat' dir='ltr'>nos</span> <span class='ocrx_word' id='word_1_159' title='bbox 703 2648 941 2729; x_wconf 72' lang='lat' dir='ltr'>applicavimus</span> <span class='ocrx_word' id='word_1_160' title='bbox 960 2667 1059 2730; x_wconf 91' lang='lat' dir='ltr'>quam</span> <span class='ocrx_word' id='word_1_161' title='bbox 1074 2648 1256 2712; x_wconf 88' lang='lat' dir='ltr'>recentioris</span> 
     </span>
     <span class='ocr_line' id='line_1_24' title="bbox 98 2749 840 2835; baseline -0.007 -15"><span class='ocrx_word' id='word_1_162' title='bbox 98 2756 212 2820; x_wconf 89' lang='lat' dir='ltr'>aetatis</span> <span class='ocrx_word' id='word_1_163' title='bbox 233 2755 291 2817; x_wconf 88' lang='lat' dir='ltr'>viri</span> <span class='ocrx_word' id='word_1_164' title='bbox 313 2754 397 2817; x_wconf 91' lang='lat' dir='ltr'>docti</span> <span class='ocrx_word' id='word_1_165' title='bbox 419 2753 701 2835; x_wconf 86' lang='lat' dir='ltr'>proposuerunt†).</span> <span class='ocrx_word' id='word_1_166' title='bbox 839 2749 840 2752; x_wconf 65' lang='grc'>’</span> 
     </span>
    </p>
   </div>
   <div class='ocr_carea' id='block_1_5' title="bbox 97 2943 1257 3348">
    <p class='ocr_par' dir='ltr' id='par_1_5' title="bbox 97 2943 1257 3348">
     <span class='ocr_line' id='line_1_25' title="bbox 179 2943 1257 3024; baseline 0.001 -16"><span class='ocrx_word' id='word_1_167' title='bbox 179 2944 218 3008; x_wconf 90' lang='grc' dir='ltr'>Α.</span> <span class='ocrx_word' id='word_1_168' title='bbox 261 2943 454 3007; x_wconf 89' lang='lat' dir='ltr'>Vocabula</span> <span class='ocrx_word' id='word_1_169' title='bbox 479 2943 658 3006; x_wconf 84' lang='lat' dir='ltr'>formalia</span> <span class='ocrx_word' id='word_1_170' title='bbox 687 2945 900 3024; x_wconf 86' lang='lat' dir='ltr'>composita</span> <span class='ocrx_word' id='word_1_171' title='bbox 929 2945 1034 3009; x_wconf 86' lang='lat' dir='ltr'>aliud</span> <span class='ocrx_word' id='word_1_172' title='bbox 1062 2964 1143 3009; x_wconf 91' lang='lat' dir='ltr'>cum</span> <span class='ocrx_word' id='word_1_173' title='bbox 1173 2946 1257 3024; x_wconf 83' lang='lat' dir='ltr'>alio,</span> 
     </span>
     <span class='ocr_line' id='line_1_26' title="bbox 98 3039 1257 3128; baseline 0.001 -14"><span class='ocrx_word' id='word_1_174' title='bbox 98 3051 116 3114; x_wconf 93' lang='lat' dir='ltr'>i.</span> <span class='ocrx_word' id='word_1_175' title='bbox 138 3072 165 3115; x_wconf 90' lang='lat' dir='ltr'>e.</span> <span class='ocrx_word' id='word_1_176' title='bbox 193 3071 266 3115; x_wconf 90' lang='lat' dir='ltr'>curn</span> <span class='ocrx_word' id='word_1_177' title='bbox 293 3051 392 3114; x_wconf 88' lang='lat' dir='ltr'>verbo</span> <span class='ocrx_word' id='word_1_178' title='bbox 419 3051 468 3113; x_wconf 91' lang='lat' dir='ltr'>vel</span> <span class='ocrx_word' id='word_1_179' title='bbox 498 3051 625 3112; x_wconf 90' lang='lat' dir='ltr'>nomine</span> <span class='ocrx_word' id='word_1_180' title='bbox 653 3068 732 3112; x_wconf 90' lang='lat' dir='ltr'>non</span> <span class='ocrx_word' id='word_1_181' title='bbox 760 3051 946 3128; x_wconf 80' lang='lat' dir='ltr'>coniuncta,</span> <span class='ocrx_word' id='word_1_182' title='bbox 975 3054 1011 3114; x_wconf 92' lang='lat' dir='ltr'>ut</span> <span class='ocrx_word' id='word_1_183' title='bbox 1039 3051 1197 3116; x_wconf 89' lang='lat' dir='ltr'>rarissima</span> <span class='ocrx_word' id='word_1_184' title='bbox 1225 3039 1257 3116; x_wconf 91' lang='lat' dir='ltr'>in</span> 
     </span>
     <span class='ocr_line' id='line_1_27' title="bbox 97 3156 1257 3238; baseline 0 -16"><span class='ocrx_word' id='word_1_185' title='bbox 97 3159 247 3222; x_wconf 88' lang='lat' dir='ltr'>universa</span> <span class='ocrx_word' id='word_1_186' title='bbox 267 3159 374 3237; x_wconf 88' lang='lat' dir='ltr'>lingua</span> <span class='ocrx_word' id='word_1_187' title='bbox 395 3156 531 3232; x_wconf 87' lang='lat' dir='ltr'>Graeca,</span> <span class='ocrx_word' id='word_1_188' title='bbox 561 3156 605 3219; x_wconf 88' lang='lat' dir='ltr'>ita</span> <span class='ocrx_word' id='word_1_189' title='bbox 627 3156 712 3237; x_wconf 90' lang='lat' dir='ltr'>apud</span> <span class='ocrx_word' id='word_1_190' title='bbox 734 3156 819 3219; x_wconf 91' lang='lat' dir='ltr'>hunc</span> <span class='ocrx_word' id='word_1_191' title='bbox 837 3156 1086 3238; x_wconf 87' lang='lat' dir='ltr'>Aristophanem</span> <span class='ocrx_word' id='word_1_192' title='bbox 1107 3158 1170 3221; x_wconf 83' lang='lat' dir='ltr'>lere</span> <span class='ocrx_word' id='word_1_193' title='bbox 1191 3179 1257 3223; x_wconf 90' lang='lat' dir='ltr'>non</span> 
     </span>
     <span class='ocr_line' id='line_1_28' title="bbox 99 3261 1105 3348; baseline -0.001 -19"><span class='ocrx_word' id='word_1_194' title='bbox 99 3267 260 3348; x_wconf 89' lang='lat' dir='ltr'>leguntur;</span> <span class='ocrx_word' id='word_1_195' title='bbox 281 3263 471 3346; x_wconf 87' lang='lat' dir='ltr'>paucissima</span> <span class='ocrx_word' id='word_1_196' title='bbox 490 3261 585 3325; x_wconf 88' lang='lat' dir='ltr'>huius</span> <span class='ocrx_word' id='word_1_197' title='bbox 606 3263 727 3344; x_wconf 86' lang='lat' dir='ltr'>generis</span> <span class='ocrx_word' id='word_1_198' title='bbox 749 3262 893 3344; x_wconf 88' lang='lat' dir='ltr'>exempla</span> <span class='ocrx_word' id='word_1_199' title='bbox 914 3267 988 3326; x_wconf 91' lang='lat' dir='ltr'>sunt</span> <span class='ocrx_word' id='word_1_200' title='bbox 1010 3264 1105 3328; x_wconf 90' lang='lat' dir='ltr'>haec:</span> 
     </span>
    </p>
   </div>
   <div class='ocr_carea' id='block_1_6' title="bbox 100 3446 293 3457">
    <p class='ocr_par' dir='ltr' id='par_1_6' title="bbox 100 3446 293 3457">
     <span class='ocr_line' id='line_1_29' title="bbox 100 3446 293 3457; baseline -0.01 0"><span class='ocrx_word' id='word_1_201' title='bbox 100 3446 293 3457; x_wconf 79' lang='lat'>-..—--—</span> 
     </span>
    </p>
   </div>
   <div class='ocr_carea' id='block_1_7' title="bbox 99 3555 1258 4079">
    <p class='ocr_par' dir='ltr' id='par_1_7' title="bbox 99 3555 1258 4079">
     <span class='ocr_line' id='line_1_30' title="bbox 197 3555 1258 3625; baseline 0 -14"><span class='ocrx_word' id='word_1_202' title='bbox 197 3557 333 3625; x_wconf 71' lang='lat' dir='ltr'>*taeenti</span> <span class='ocrx_word' id='word_1_203' title='bbox 357 3575 450 3610; x_wconf 87' lang='lat' dir='ltr'>snmus</span> <span class='ocrx_word' id='word_1_204' title='bbox 468 3556 495 3608; x_wconf 91' lang='lat' dir='ltr'>in</span> <span class='ocrx_word' id='word_1_205' title='bbox 515 3557 566 3609; x_wconf 89' lang='lat' dir='ltr'>hac</span> <span class='ocrx_word' id='word_1_206' title='bbox 584 3555 778 3610; x_wconf 82' lang='lat' dir='ltr'>distributione</span> <span class='ocrx_word' id='word_1_207' title='bbox 796 3557 828 3609; x_wconf 85' lang='lat' dir='ltr'>R.</span> <span class='ocrx_word' id='word_1_208' title='bbox 847 3557 1036 3611; x_wconf 87' lang='lat' dir='ltr'>Kuehnernm:</span> <span class='ocrx_word' id='word_1_209' title='bbox 1056 3556 1258 3611; x_wconf 82' lang='lat' dir='ltr'>Grammaticae</span> 
     </span>
     <span class='ocr_line' id='line_1_31' title="bbox 99 3643 602 3712; baseline -0.004 -16"><span class='ocrx_word' id='word_1_210' title='bbox 99 3644 217 3697; x_wconf 82' lang='lat' dir='ltr'>Gmecne</span> <span class='ocrx_word' id='word_1_211' title='bbox 236 3643 353 3712; x_wconf 82' lang='lat' dir='ltr'>Magnae</span> <span class='ocrx_word' id='word_1_212' title='bbox 372 3646 411 3712; x_wconf 61' lang='grc' dir='ltr'>ἐξ.</span> <span class='ocrx_word' id='word_1_213' title='bbox 430 3644 481 3695; x_wconf 65' lang='grc'>338</span> <span class='ocrx_word' id='word_1_214' title='bbox 499 3661 521 3696; x_wconf 89' lang='lat' dir='ltr'>e.</span> <span class='ocrx_word' id='word_1_215' title='bbox 539 3660 564 3709; x_wconf 87' lang='lat' dir='ltr'>q.</span> <span class='ocrx_word' id='word_1_216' title='bbox 583 3661 602 3694; x_wconf 90' lang='lat' dir='ltr'>s.</span> 
     </span>
     <span class='ocr_line' id='line_1_32' title="bbox 185 3735 1256 3808; baseline 0.003 -19"><span class='ocrx_word' id='word_1_217' title='bbox 185 3737 223 3804; x_wconf 73' lang='grc'>**)</span> <span class='ocrx_word' id='word_1_218' title='bbox 242 3754 312 3805; x_wconf 79' lang='lat' dir='ltr'>quae</span> <span class='ocrx_word' id='word_1_219' title='bbox 337 3738 428 3790; x_wconf 88' lang='lat' dir='ltr'>onmia</span> <span class='ocrx_word' id='word_1_220' title='bbox 452 3736 613 3788; x_wconf 86' lang='lat' dir='ltr'>Knelmerus</span> <span class='ocrx_word' id='word_1_221' title='bbox 636 3735 746 3790; x_wconf 89' lang='lat' dir='ltr'>nomine</span> <span class='ocrx_word' id='word_1_222' title='bbox 773 3737 1019 3805; x_wconf 78' lang='lat' dir='ltr'>»Regriffswbrter«</span> <span class='ocrx_word' id='word_1_223' title='bbox 1042 3739 1256 3808; x_wconf 76' lang='lat' dir='ltr'>comprehendit.</span> 
     </span>
     <span class='ocr_line' id='line_1_33' title="bbox 171 3828 1257 3900; baseline 0.002 -17"><span class='ocrx_word' id='word_1_224' title='bbox 171 3829 224 3898; x_wconf 78' lang='grc'>***)</span> <span class='ocrx_word' id='word_1_225' title='bbox 243 3830 295 3883; x_wconf 75' lang='lat' dir='ltr'>Otr.</span> <span class='ocrx_word' id='word_1_226' title='bbox 304 3828 484 3883; x_wconf 83' lang='lat' dir='ltr'>Schoemanni</span> <span class='ocrx_word' id='word_1_227' title='bbox 494 3828 564 3890; x_wconf 91' lang='lat' dir='ltr'>libri,</span> <span class='ocrx_word' id='word_1_228' title='bbox 578 3828 625 3894; x_wconf 88' lang='lat' dir='ltr'>qui</span> <span class='ocrx_word' id='word_1_229' title='bbox 634 3830 715 3881; x_wconf 82' lang='lat' dir='ltr'>estde</span> <span class='ocrx_word' id='word_1_230' title='bbox 726 3830 850 3898; x_wconf 81' lang='lat' dir='ltr'>partibus</span> <span class='ocrx_word' id='word_1_231' title='bbox 860 3831 999 3894; x_wconf 84' lang='lat' dir='ltr'>orationis,</span> <span class='ocrx_word' id='word_1_232' title='bbox 1010 3849 1069 3885; x_wconf 85' lang='lat' dir='ltr'>eam</span> <span class='ocrx_word' id='word_1_233' title='bbox 1082 3833 1257 3900; x_wconf 69' lang='lat' dir='ltr'>particulam,</span> 
     </span>
     <span class='ocr_line' id='line_1_34' title="bbox 101 3913 865 3986; baseline 0.001 -18"><span class='ocrx_word' id='word_1_234' title='bbox 101 3931 156 3982; x_wconf 90' lang='lat' dir='ltr'>qua</span> <span class='ocrx_word' id='word_1_235' title='bbox 173 3915 268 3984; x_wconf 82' lang='lat' dir='ltr'>agitur</span> <span class='ocrx_word' id='word_1_236' title='bbox 286 3917 321 3968; x_wconf 89' lang='lat' dir='ltr'>de</span> <span class='ocrx_word' id='word_1_237' title='bbox 342 3913 588 3984; x_wconf 85' lang='lat' dir='ltr'>praepositionibus</span> <span class='ocrx_word' id='word_1_238' title='bbox 607 3916 636 3966; x_wconf 82' lang='lat' dir='ltr'>et</span> <span class='ocrx_word' id='word_1_239' title='bbox 654 3914 791 3968; x_wconf 83' lang='lat' dir='ltr'>adverbiis</span> <span class='ocrx_word' id='word_1_240' title='bbox 810 3917 865 3986; x_wconf 73' lang='grc' dir='ltr'>(λ).</span> 
     </span>
     <span class='ocr_line' id='line_1_35' title="bbox 197 4009 657 4079; baseline -0.007 -15"><span class='ocrx_word' id='word_1_241' title='bbox 197 4010 225 4079; x_wconf 89' lang='lat'>†)</span> <span class='ocrx_word' id='word_1_242' title='bbox 244 4009 297 4064; x_wconf 75' lang='lat' dir='ltr'>etr.</span> <span class='ocrx_word' id='word_1_243' title='bbox 317 4009 399 4061; x_wconf 88' lang='lat' dir='ltr'>huius</span> <span class='ocrx_word' id='word_1_244' title='bbox 418 4025 513 4062; x_wconf 88' lang='lat' dir='ltr'>comm.</span> <span class='ocrx_word' id='word_1_245' title='bbox 534 4025 597 4077; x_wconf 84' lang='lat' dir='ltr'>pag.</span> <span class='ocrx_word' id='word_1_246' title='bbox 616 4009 657 4061; x_wconf 76' lang='lat'>41.</span> 
     </span>
    </p>
   </div>
   <div class='ocr_carea' id='block_1_8' title="bbox 0 0 1479 4492">
    <p class='ocr_par' dir='ltr' id='par_1_8' title="bbox 0 0 1479 4492">
     <span class='ocr_line' id='line_1_36' title="bbox 0 0 1479 4492; baseline 0 0"><span class='ocrx_word' id='word_1_247' title='bbox 0 0 1479 4492; x_wconf 95' lang='lat' dir='ltr'> </span> 
     </span>
    </p>
   </div>
  </div>
 </body>
</html>
