2940 4492
152 355 440 437 dependentiae.
488 390 514 397 --
552 355 642 418 Aliae
674 358 782 419 autem
811 355 905 418 huius
934 357 1056 436 generis
1078 357 1191 420 classes
1219 356 1307 438 apud

151 463 238 527 hunc
258 466 386 544 politam
408 481 472 526 non
494 463 710 538 inveniuntur,
733 481 810 527 nam
831 481 907 526 cave
928 463 1100 544 expectaris
1120 482 1231 527 omnes
1253 483 1307 526 eas

154 571 402 651 compositorum
424 569 546 645 classes,
570 589 649 651 quas
664 568 835 632 Clemmius
847 569 897 632 vel
911 569 990 633 alius
1003 571 1170 652 quispiam,
1193 571 1248 652 qui
1269 571 1309 633 de

152 677 378 758 compositione
398 675 518 740 Graeca
539 676 670 758 scripsit,
691 676 810 740 invenit
828 696 933 759 neque
948 697 1021 740 raro
1035 679 1193 759 sagaciore
1209 697 1306 761 quam

152 785 273 848 veriore
289 783 402 846 iudicio
418 784 537 858 statuit,
560 783 646 864 apud
658 783 905 864 Aristophanem
927 803 1053 865 quoque
1075 785 1189 848 redire:
1210 785 1308 848 immo

152 909 245 955 suam
267 890 400 972 quisque
421 893 515 971 poeta
536 892 566 952 ct
588 890 721 970 scriptor
741 893 893 953 naturam
913 893 1039 954 secutus
1059 892 1154 955 aliam
1176 892 1308 955 classem

153 1016 254 1079 quam
275 996 371 1060 aliam
392 996 492 1076 magis
514 995 664 1072 excoluit,
695 995 791 1060 aliam
812 997 942 1060 omnino
965 997 1115 1078 neglexit3
1139 998 1224 1061 velut
1245 998 1312 1061 eius

152 1097 276 1181 classis,
306 1121 403 1184 quam
432 1101 735 1183 comparativam
755 1102 979 1184 interpretatur
999 1104 1038 1167 R.
1058 1103 1309 1182 KuehneruS,

152 1213 205 1279 vix
226 1230 326 1274 unum
348 1209 527 1291 exemplum
548 1208 590 1271 ab
612 1209 666 1271 Ar.
687 1208 812 1289 linguae
833 1209 1000 1274 inductum
1023 1231 1092 1275 esse
1113 1211 1261 1274 invenies.

460 1511 488 1576 Ι.
531 1510 720 1593 composita
741 1511 1005 1577 determinativa.

235 1644 343 1707 Prima
352 1645 445 1724 igitur
455 1644 544 1708 classi
556 1645 758 1708 continentur
773 1646 982 1727 composita
998 1644 1308 1708 determinativa:

152 1749 232 1813 haec
248 1751 434 1831 interpretor
445 1769 483 1813 55
493 1752 667 1831 composita
679 1751 811 1828 Graeca,
826 1771 964 1833 quorum
979 1750 1115 1816 alterum
1130 1750 1310 1813 membrum

153 1856 195 1919 ab
224 1857 323 1920 altero
354 1856 584 1947 determinatur
605 1859 636 1919 51
664 1860 810 1920 accurate
839 1857 1004 1921 definitur:
1033 1858 1066 1919 in
1094 1858 1196 1939 priore
1224 1857 1309 1920 enim

153 1964 296 2029 membro
318 1964 437 2027 accedit
458 1964 577 2046 aliquid
596 1965 635 2027 ad
659 1963 794 2028 alterum
812 1966 1002 2042 membrum,
1020 1983 1085 2046 quo
1106 1964 1168 2027 hoc
1184 1964 1225 2028 ab
1242 1964 1310 2027 aliis

153 2073 201 2136 sui
223 2072 344 2152 generis
364 2072 544 2136 nominibus
565 2072 791 2152 distinguatur,
812 2072 898 2135 velut
921 2070 1171 2152 Ψευδ-αρτάβας
1192 2091 1310 2136 nomen

154 2180 252 2244 oritur
272 2199 311 2242 ex
338 2180 558 2243 coniunctione
579 2180 766 2243 verborum:
796 2178 814 2240 ὁ
837 2178 1042 2266 ψευδόμενος
1063 2178 1125 2259 (vel
1147 2174 1281 2266 ψεύδων
1289 2177 1311 2258 1)

154 2283 322 2365 nnana,
359 2286 448 2349 cuius
478 2305 497 2349 a
526 2306 602 2350 vero
634 2287 803 2349 discrimen
832 2289 977 2350 notatur:
1013 2285 1086 2348 hinc
1114 2285 1312 2366 intellegitur,

154 2411 219 2455 non
242 2411 313 2455 raro
333 2411 466 2455 manare
487 2391 562 2454 talia
582 2394 755 2473 composita
775 2413 814 2456 ex
835 2413 874 2456 ea
901 2393 1040 2470 ratione,
1068 2411 1151 2474 quae
1178 2394 1312 2455 vocatur

155 2498 396 2574 attributiva,
418 2499 462 2561 115
475 2502 594 2575 tamen,
609 2501 644 2560 ut
659 2499 835 2563 subiectum
853 2500 948 2562 totius
968 2498 1191 2562 enuntiationis
1211 2499 1312 2563 intra

154 2605 251 2686 ipsius
270 2605 436 2687 compositi
457 2605 536 2668 fmes
555 2605 690 2686 positum
714 2606 766 2682 sit;
784 2606 869 2668 -in
892 2625 930 2669 ea
951 2609 1059 2669 autem
1076 2605 1311 2686 compositione,

155 2731 252 2794 quam
275 2711 356 2776 infra
379 2713 561 2774 vocavimus
580 2712 807 2789 attributivam,
827 2712 1002 2776 subiectum
1023 2716 1129 2775 extra
1150 2711 1312 2792 compositi

155 2819 327 2882 terminum
342 2818 483 2898 fingitur3
505 2851 530 2860 -—
554 2818 632 2882 haec
647 2822 727 2882 ratio
740 2818 900 2882 observari
918 2822 1021 2900 potest
1041 2819 1074 2880 in
1096 2818 1130 2881 iis
1152 2817 1314 2898 exemplis

156 2946 240 3009 quae
260 2925 342 2989 infra
359 2927 561 3007 ascripsimus
583 2926 643 2988 sub
663 2945 750 2988 num.
768 2927 806 2988 la
821 2929 853 2988 et
869 2926 916 2988 lb.
952 2924 1071 2989 Eorum
1091 2928 1199 2989 autern
1218 2943 1313 2988 voca·

155 3033 321 3111 bulorum,
343 3052 426 3114 quae
448 3034 508 3096 sub
530 3052 617 3095 num.
641 3031 668 3094 1.
694 3033 964 3109 enumeravimus
986 3032 1128 3114 paullum
1150 3032 1211 3096 alia
1232 3031 1313 3093 ratio

156 3144 219 3205 est:
248 3140 281 3203 in
300 3139 348 3202 his
369 3139 453 3202 enim
475 3139 609 3202 alterum
631 3139 812 3215 membrum
832 3139 937 3220 priore
959 3139 1068 3203 addito
1088 3139 1132 3202 115
1153 3139 1312 3215 delinitur,

155 3251 192 3311 ut
219 3246 431 3330 praedicativa
459 3245 619 3327 quaedam
647 3246 727 3309 ratio
757 3246 898 3311 subiecta
927 3247 984 3325 sit,
1012 3246 1100 3310 velut
1126 3242 1314 3328 κερο-βάτης

156 3355 404 3435 intellegimus,
416 3353 470 3434 qui
480 3353 628 3416 cornibus
638 3352 800 3433 praeditus
811 3353 936 3430 incedit,
947 3360 1042 3437 κέρως
1052 3357 1184 3436 βαίνων.
1206 3352 1313 3433 Atque

156 3463 189 3528 in
203 3462 265 3545 hoc
279 3461 378 3525 altero
394 3460 521 3542 quidem
536 3459 807 3524 determinationis
818 3479 932 3540 genere
944 3461 1119 3525 secundum
1131 3460 1313 3524 membrum

157 3587 283 3650 semper
302 3568 365 3631 lere
384 3567 518 3630 verbum
538 3566 672 3630 exhibet.
714 3566 796 3630 Huic
818 3567 925 3648 generi
948 3567 1037 3630 facile
1059 3569 1191 3649 apparet
1212 3567 1314 3629 inesse

157 3673 390 3738 similitudinem
420 3672 580 3754 quandam
611 3692 684 3735 cum
713 3674 748 3736 ils
778 3672 976 3754 compositis,
1005 3692 1088 3754 quae
1119 3672 1313 3736 adverbialla

157 3782 239 3846 infra
265 3779 461 3860 interpretati
492 3797 617 3853 sumus;
644 3779 730 3843 velut
751 3780 884 3843 verbum
907 3787 1114 3859 μονο-κοιτέω
1136 3783 1168 3843 51
1190 3777 1313 3860 »μόνως

157 3894 286 3950 nocero«
297 3889 329 3950 et
340 3882 459 3966 »μόνον
469 3885 498 3964 (i.
509 3906 536 3949 e.
545 3883 742 3949 accusativus
756 3884 898 3967 subiecti)
907 3891 1036 3949 norrea«
1048 3886 1193 3968 explicari
1202 3890 1312 3970 potest.

239 3994 304 4060 Sed
325 3995 388 4059 iam
412 3993 613 4074 inspiciamus
634 3993 778 4074 exempla
798 3992 937 4073 singula:

1074 4099 1108 4151 5*
