2940 4492
714 174 756 239 34

161 354 314 433 adhibita,
335 355 448 419 deinde
469 353 658 436 syllabam,
681 357 750 416 tum
769 355 858 420 litera
879 379 889 418 ι
908 357 1033 432 additis,
1051 357 1097 420 ita
1118 358 1153 419 ut
1173 374 1319 420 summus

159 461 280 525 timoris
300 463 417 543 gradus
437 462 671 543 exprimeretur.
705 466 877 541 πρημαίνω
892 463 921 526 Ν
935 463 1004 541 336,
1021 463 1224 528 vehementer
1238 463 1318 527 flare

160 567 316 653 (πρήθω).

240 672 395 736 διωκάθω
414 673 443 736 Ν
465 673 553 747 1482,
579 672 606 733 V
629 673 718 738 1203.
740 671 799 736 ἅπ.
821 675 882 755 try.
905 695 955 757 ap.
978 676 1032 739 Ar.
1055 674 1194 756 (διώκω).

152 768 155 773 ’
239 778 440 860 σκαλαθύρω
479 778 522 842 Ec
553 780 628 855 6113
669 781 806 847 dubitari
839 786 957 864 potest,
986 787 1093 847 utrum
1129 782 1190 846 hoo
1229 783 1316 846 verb.

158 888 334 952 derivatum
372 890 404 951 et
444 890 572 950 auctum
604 888 644 951 sit
681 908 719 952 ex
751 887 880 951 σκάλλω
911 888 1095 971 (exaltato)
1128 890 1240 968 verbo,
1274 909 1317 954 an

158 995 368 1076 compositum
411 1013 449 1058 ex
478 993 540 1057 hoc
582 997 614 1058 et
640 993 782 1075 ἀθύρειν
823 997 935 1060 verbo:
980 1016 1039 1078 ego
1071 997 1157 1060 itiam
1189 1001 1317 1061 seuten-

157 1100 234 1165 tiam
273 1120 405 1182 sequor,
446 1119 528 1182 qua·
550 1100 627 1164 nihil
669 1103 729 1164 nisi
761 1103 899 1167 fodiendi
939 1104 1100 1167 notionem
1144 1105 1246 1168 inesse
1285 1104 1317 1168 in

157 1207 255 1271 verbo
281 1208 333 1272 illo
361 1207 487 1283 dicitur3
516 1227 714 1290 quamquam
741 1228 792 1273 res
819 1230 885 1274 uon
914 1211 1004 1274 facite
1030 1212 1211 1287 conticitum
1240 1231 1318 1275 nam

155 1313 217 1377 hoc
243 1332 308 1378 uno
335 1314 405 1378 loco
429 1314 541 1395 legitur
568 1315 701 1379 verbum
731 1316 945 1381 difficillimum
973 1337 1010 1382 ao
1038 1317 1154 1382 tralata
1176 1299 1317 1400 quidem,

155 1424 191 1484 ut
206 1420 283 1484 mihi
295 1419 428 1500 videtur,
451 1421 579 1485 notione
594 1426 625 1485 et
642 1423 809 1500 obscoena,
825 1427 859 1487 ut
876 1425 929 1487 sit:
951 1427 1106 1506 stuprare,
1123 1425 1316 1501 eoneuhare3

155 1527 235 1592 haee
263 1531 371 1591 autem
395 1529 484 1592 notio
501 1547 574 1605 curn
596 1547 649 1607 ea,
682 1548 763 1612 quae
792 1533 839 1593 est
863 1515 1007 1594 »fodere«
1031 1530 1197 1612 (σκάλλω),
1225 1531 1318 1597 facite

155 1634 323 1709 consentin
345 1653 448 1716 neque
467 1634 712 1716 intellegendum
727 1639 783 1715 est,
806 1636 883 1718 quid
906 1638 939 1701 in
957 1637 1010 1702 tali
1027 1637 1124 1702 verbo
1140 1638 1317 1705 delectandi

154 1738 298 1830 (α’θύρφ)
320 1742 367 1804 vis
386 1741 445 1805 sibi
466 1741 550 1805 velit.

236 1899 271 1962 V.
304 1898 409 1962 Verba
431 1897 650 1962 deverbalia
672 1896 975 1979 frequentativa,
997 1902 1262 1978 quaererentur,
1285 1899 1317 1962 in

154 2002 238 2067 -τοέω
260 1988 370 2085 (τάξω)
392 2007 424 2068 et
444 2011 519 2065 -τέω
542 2000 641 2085 (rico)
663 1991 809 2067 exeuntia
831 2006 905 2066 sunt
927 2004 1019 2068 haee:

236 2109 360 2188 ωὀτίζω
379 2111 410 2174 Α
430 2110 481 2187 24,
503 2108 637 2190 (ω’θέω),
660 2109 724 2173 hue
754 2112 786 2172 et
814 2109 886 2173 illuc
909 2111 1038 2192 pulsari:
1071 2111 1158 2193 quod
1181 2112 1316 2176 verbum

154 2218 241 2300 apud
262 2218 340 2282 alios
361 2232 489 2300 quoque
510 2216 647 2280 comicos
668 2216 754 2281 velut
776 2214 964 2279 Teleclidem
986 2216 1109 2298 legitur.

233 2322 401 2402 κλαστάζω
432 2323 475 2404 (Ε
498 2323 589 2404 166),
618 2323 657 2386 de
690 2321 777 2384 utria
809 2323 1004 2400 derivatum,
1034 2324 1076 2387 ad
1104 2324 1198 2387 huius
1225 2324 1316 2387 verbi

151 2432 314 2496 notionem
327 2450 427 2513 prope
441 2430 575 2505 aceedit3
591 2430 744 2510 signifieat
756 2431 854 2492 enim:
872 2430 950 2493 vites
964 2429 1116 2510 frangere,
1129 2432 1316 2512 pampinare

154 2540 186 2601 et
203 2539 318 2602 tralata
342 2538 483 2602 notione:
504 2535 569 2600 aies
590 2536 732 2599 animum
752 2531 935 2618 deprimere.
959 2570 999 2580 -

233 2644 355 2722 Quibus
376 2642 480 2706 verbis
499 2642 613 2707 adicio:
654 2639 808 2721 χασκάζω
829 2641 856 2703 V
877 2641 947 2718 695,
970 2642 1099 2705 hietare.

233 2823 282 2886 VI.
321 2823 499 2905 Reliqua
526 2823 651 2887 verba
672 2822 926 2898 deverbalia‚
959 2839 1095 2904 quorum
1122 2823 1177 2886 aut
1206 2821 1315 2884 termi-

154 2931 278 3012 nologia
297 2931 417 2994 incerta
438 2934 493 2994 aut
514 2929 698 3010 significatio
720 2928 855 2993 obscura
876 2931 933 2992 est.

232 3034 355 3120 τορύνω
378 3037 416 3117 (Ε
440 3037 531 3117 1172)
552 3032 613 3099 ἅπ.
635 3035 697 3116 toy.
720 3033 877 3117 tropeien„
899 3034 1056 3115 νεβλαίρω
1079 3035 1105 3097 ir
1126 3035 1175 3098 35.

233 3147 402 3225 σπυρθίζω
421 3143 449 3208 ir
468 3144 525 3207 681
550 3139 611 3208 ἅπ.
633 3143 710 3222 aa,
732 3142 819 3224 quod
850 3141 983 3205 fortasse
1015 3141 1076 3205 alia
1103 3141 1205 3206 forma
1224 3142 1322 3206 verbi

151 3250 318 3332 πυδαρίζω
339 3249 480 3334 (serrare)
500 3253 555 3317 est.

232 3356 401 3440 τρυγανάω
430 3357 474 3421 Ee
494 3357 549 3435 34,
578 3356 712 3420 verbum
742 3374 781 3418 ex
805 3354 1033 3418 sententiarum
1062 3373 1147 3418 nexu
1180 3355 1316 3437 apparet

151 3464 228 3529 nihil
249 3464 335 3529 aliud
356 3483 424 3528 esse
445 3464 505 3528 nisi
524 3462 651 3545 pulsare
674 3459 839 3553 (portam),
871 3461 925 3524 sed
947 3481 986 3524 ex
1005 3480 1070 3542 quo
1091 3461 1188 3524 verbo
1211 3459 1314 3524 dedu-

53 3592 56 3597 ·
150 3572 287 3635 cendum
319 3573 351 3635 et
378 3570 539 3653 quomodo
566 3568 768 3633 scribendum
793 3570 846 3645 sit,
880 3569 942 3631 iam
972 3570 1093 3630 veteres
1125 3568 1314 3648 interpretes

150 3679 341 3759 ignorabant
351 3697 455 3760 neque
466 3697 525 3758 ego
537 3676 707 3740 diiudicare
719 3675 831 3751 ausim,
853 3675 907 3738 sed
923 3675 997 3737 satis
1009 3674 1113 3738 haheo
1127 3673 1314 3754 apposuisse

150 3784 255 3849 varias
278 3784 372 3847 huius
393 3783 481 3847 verbi
501 3783 629 3860 formaS,
651 3801 733 3865 quae
753 3781 938 3844 traduntur:

231 3887 421 3972 θρυγανάω,
452 3886 637 3969 θρυγονοέω,
667 3886 840 3969 τρυγονάω.
902 3884 1077 3950 Scholiasta
1110 3885 1239 3966 quidem
1270 3885 1312 3949 ad

151 3999 348 4082 θρυγανῶσα
368 3995 444 4061 nihii
466 3996 600 4061 adnotat
618 3995 693 4059 nisi:
713 3992 841 4077 ἡσύχως
859 3994 978 4056 κνῶσα.
