2940 4492
724 204 745 266 Ξ

154 380 235 444 hene
256 382 352 462 atque
373 383 520 445 accurate
542 380 745 463 explicentur,
765 381 1021 463 Aristophanem,
1038 418 1077 426 —
1092 384 1179 447 cuius
1193 383 1315 448 lexicon

155 488 307 570 speciale,
337 489 422 570 quod
456 493 601 565 vocatur,
630 488 737 552 adhuc
773 488 901 570 quidem
930 509 1122 572 magnopere
1155 490 1313 554 desidera-

154 615 241 673 mus,
264 598 449 677 —eiusque
469 597 625 660 rationem
646 596 688 660 ab
710 596 789 673 hac,
822 615 918 677 quarn
939 596 1201 677 significavimus
1220 600 1314 679 parte

153 721 249 765 nemo
270 703 376 767 adhuc
397 722 454 784 per
472 721 506 764 se
526 701 625 765 solam
648 702 810 783 spectavit,
833 702 887 766 sed
910 722 1018 766 omncs
1034 704 1172 767 breviter
1187 706 1314 767 tantum

154 809 336 889 attigerunt.
389 808 460 886 Qua
486 808 525 872 de
551 827 647 872 causa
674 807 775 872 multa
805 808 959 872 vocabula
989 811 1030 872 ah
1060 811 1122 874 hoc
1154 812 1250 892 poeta
1281 810 1314 873 in

153 935 244 980 usum
259 919 382 994 vocata,
404 934 487 997 quae
507 915 721 998 explicationis
742 935 941 997 summopere
962 916 1133 998 indigeant,
1154 919 1187 980 in
1208 917 1314 981 medio

78 1065 81 1073 -
151 1022 261 1086 relicta
300 1022 349 1086 vel
385 1023 508 1087 silentio
549 1024 768 1104 praetermissa
804 1043 872 1087 esse
914 1024 1058 1088 arbitrati
1092 1025 1314 1106 Aristophanis

152 1129 375 1194 formationem
397 1132 427 1194 et
442 1131 704 1213 compositionem
721 1132 896 1200 seiunctam
911 1151 930 1194 a
947 1133 1057 1194 ceteris
1080 1133 1112 1194 in
1134 1131 1195 1196 hoc
1208 1132 1313 1196 libello

153 1240 291 1302 tractare
319 1241 351 1302 et
370 1257 408 1302 ea
428 1237 541 1315 rerba,
575 1257 658 1321 quae
686 1238 736 1301 ille
767 1258 851 1302 nova
882 1238 978 1301 literis
1000 1238 1118 1315 intulit,
1150 1243 1254 1302 certas
1280 1239 1313 1302 in

152 1345 268 1408 classes
289 1345 332 1409 ad
352 1346 428 1410 artis
443 1350 614 1429 praecepta
629 1347 795 1428 dispositas
810 1346 949 1426 redigere
964 1347 1105 1410 animum
1121 1347 1311 1411 induximus.

233 1452 454 1534 Aristophanis
482 1456 590 1518 autern
619 1473 724 1517 sermo
753 1473 790 1517 eo
813 1454 927 1534 magis,
956 1453 988 1516 in
1018 1473 1114 1535 quern
1135 1454 1313 1522 accuratius

150 1558 396 1641 inquireremus,
419 1560 532 1642 dignus
551 1560 719 1627 videbatur
740 1581 820 1638 esse,
843 1561 928 1642 quod
950 1561 1002 1624 hic
1022 1564 1116 1642 podta
1139 1561 1311 1624 terminum
1352 1562 1355 1571 '

152 1667 243 1747 quasi
264 1666 345 1730 inter
369 1667 449 1731 duas
474 1667 660 1750 praecipuas
689 1667 814 1732 dialecti
836 1669 950 1731 atticae
972 1671 1090 1732 aetates
1110 1703 1149 1718 ν-
1169 1670 1311 1731 veterem

150 1777 182 1836 et
216 1777 375 1838 recentem
404 1808 443 1825 n·-
471 1774 574 1838 facere
602 1775 728 1839 videtur
761 1773 854 1855 (nam
886 1774 937 1838 hic
967 1794 1146 1839 sermonem
1178 1776 1312 1840 atticum

150 1881 316 1963 purissime
349 1880 483 1946 excoluit
516 1883 549 1945 et
581 1882 623 1945 ad
660 1885 785 1945 tantam
819 1881 949 1945 deduxit
974 1883 1143 1951 verborum
1177 1882 1312 1964 copiam,

151 1990 305 2070 quantam
317 1990 437 2052 veteres
452 1989 618 2070 scriptores
636 1991 692 2052 aut
715 1991 829 2070 poetae
850 2007 914 2056 non
929 1989 1102 2066 habebant,
1124 1989 1312 2070 posteriores

149 2094 192 2158 ab
213 2094 265 2158 illo
286 2097 448 2177 receptam
470 2094 665 2177 aliquamdiu
686 2094 938 2175 reservaverunt)
961 2131 1001 2140 -
1023 2099 1054 2158 et
1074 2095 1160 2178 quod
1183 2097 1249 2174 hio,
1275 2098 1312 2158 ut

150 2201 291 2284 plerique
310 2205 424 2285 poetae
446 2203 565 2282 comici,
583 2203 756 2284 singulares
778 2203 935 2285 quasdam
955 2222 993 2266 ac
1014 2204 1157 2285 proprias
1177 2203 1312 2266 virtutes

149 2311 263 2387 habet,
292 2330 376 2393 quae
401 2331 467 2375 non
493 2310 616 2393 possint
644 2330 710 2374 non
737 2314 843 2374 tenere
868 2310 1038 2391 legentium
1061 2311 1182 2373 animos
1204 2327 1312 2391 neque

149 2418 287 2482 excitare
312 2418 354 2482 ad
373 2419 528 2483 vocabula
549 2417 738 2500 inquirenda
767 2421 798 2480 et
827 2418 984 2481 rationem
1014 2417 1169 2481 formandi
1193 2436 1313 2498 cogno-

151 2525 310 2588 soendam.
379 2518 383 2523 ’

231 2631 464 2709 Quaerentibus
489 2634 598 2696 autern
622 2632 714 2696 nohis
740 2631 782 2699 de
803 2631 940 2708 ratione,
969 2650 1067 2712 quarn
1087 2632 1137 2694 hic
1159 2633 1254 2712 poeta
1280 2630 1314 2693 in

150 2740 313 2805 vocabulis
325 2738 498 2803 formandis
513 2740 545 2801 et
555 2739 781 2820 componendis
792 2742 919 2802 secutus
929 2739 977 2815 sit,
992 2739 1128 2819 primurn
1137 2737 1312 2801 videndum

151 2849 223 2925 erit,
250 2866 408 2930 quaenam
430 2866 469 2910 ex
490 2845 526 2910 iis
545 2845 720 2923 vocabulis,
749 2865 832 2928 quae
855 2845 887 2907 in
911 2844 1024 2908 lahulis
1047 2845 1161 2909 abillo
1183 2845 1313 2925 reliquis

150 2954 368 3032 machinatur,
396 2972 416 3017 a
444 2955 539 3035 poeta
568 2953 637 3035 ipso
663 2953 800 3016 formata
828 2971 896 3015 esse
923 2951 1067 3031 putanda
1090 2951 1222 3032 ideoque
1251 2952 1313 3015 hoc

151 3061 221 3126 loco
243 3061 412 3129 tractanda
434 3061 505 3124 sint.

232 3170 280 3232 Ac
301 3168 441 3250 primum
462 3167 605 3250 quidem,
635 3166 786 3248 quoniam
808 3185 845 3228 ea
866 3167 993 3228 tantum
1015 3165 1204 3246 composita,
1227 3183 1314 3245 quae

151 3276 379 3359 Aristophanes
408 3277 553 3358 primus
580 3275 614 3338 in
641 3293 735 3338 usum
758 3276 868 3350 vocat,
899 3273 977 3354 ipse
1009 3291 1108 3335 nova
1126 3270 1315 3335 formavisse

151 3387 270 3466 potest,
298 3383 492 3451 secernenda
519 3402 587 3447 esee
613 3384 745 3464 apparet
770 3400 808 3444 ex
836 3381 895 3447 hac
923 3379 1109 3460 quaestione
1137 3378 1244 3441 omnia
1274 3397 1313 3442 ea

149 3491 316 3569 vocabula,
339 3510 423 3572 quae
441 3492 569 3572 praeter
589 3489 675 3553 hunc
697 3491 826 3570 po'e'tam
847 3487 958 3568 aliquis
974 3490 1066 3550 autor
1081 3485 1221 3550 Graecus
1236 3488 1314 3549 ante

151 3597 232 3660 illius
259 3599 398 3661 aetatem
427 3596 568 3665 scribens
596 3596 773 3677 usurpavit:
797 3595 913 3676 quippe
942 3612 1024 3673 quae
1053 3611 1112 3655 nec
1139 3593 1224 3655 solus
1254 3612 1313 3656 nec

151 3704 270 3786 primus
285 3704 335 3767 ille
349 3703 540 3781 formaverit,
562 3722 667 3786 neque
689 3722 728 3766 ex
750 3703 785 3765 iis
807 3701 887 3764 illius
904 3701 1079 3781 proprietas
1092 3703 1312 3779 cognoscatur.

152 3810 360 3891 Segregamus
385 3810 478 3890 igitur
501 3809 608 3873 omnia
631 3808 788 3873 vocabula
810 3807 1019 3870 Homerica
1042 3810 1073 3869 et
1095 3806 1311 3883 Hesiodea,

152 3917 258 3999 qualia
280 3921 525 3999 τανυσίπτερος,
560 3913 790 3999 καρχαρόδους,
828 3917 954 3996 σκαφίς,
992 3913 1228 3992 Pindarica,
1258 3933 1311 3996 qu.

152 4019 324 4107 υηλαυγής,
345 4022 589 4108 μελάμφυλλας,
611 4023 843 4100 Herodotea,
863 4021 968 4104 qualia
982 4015 1115 4102 ῧσυριξ,
1139 4018 1314 4103 ἀγρυπνία,
