2940 4492
710 149 755 247 ‘ao

147 355 271 424 videtur
297 378 366 425 esse
400 359 432 425 in
460 359 648 427 scholiastae
676 360 948 442 interpretatione,
975 376 1039 443 qua
1067 360 1200 439 dicitur,
1230 361 1316 426 banc

147 485 261 531 vocem
281 486 319 530 ex
348 471 475 549 στρίβος
498 467 516 531 i.
539 488 566 531 e.
586 466 608 550 ἡ
628 466 732 548 λεπτή
754 466 808 529 καὶ
830 465 923 541 ὀξεῖα
943 466 1005 552 βοή
1032 471 1064 532 et
1083 467 1185 548 λίκιγξ
1205 469 1224 532 i.
1245 461 1316 551 eti

148 573 300 662 ἐλαχίστη
327 574 388 655 βοῇ
414 575 474 637 τοῦ
491 573 604 658 ὀρνέου
624 578 779 640 annelare.
832 574 895 639 Sed
922 594 1029 658 neque
1050 579 1180 658 στρίβος
1208 595 1314 658 neque

148 680 249 761 λίκιγξ
269 684 395 763 praeter
416 682 503 747 bunc
523 682 711 748 scholiastae
732 681 837 747 locum
859 700 995 765 usquam
1018 683 1139 763 legitur.

623 867 661 926 Ε.
701 863 836 928 Verbo.

229 1016 296 1080 lam
334 1019 534 1098 pertractatis
563 1018 689 1100 reliquis
726 1017 877 1082 orationis
909 1017 1053 1099 partibus
1087 1016 1314 1098 aggrediamur

147 1127 316 1189 verborum
346 1142 498 1205 magnam
526 1125 703 1206 regionem,
736 1143 774 1188 ex
804 1123 937 1208 quibus,
964 1140 1049 1205 quae
1077 1123 1170 1188 fuerit
1197 1127 1314 1206 poetae

147 1233 242 1309 ratio,
266 1232 315 1295 vel
337 1233 474 1295 maxime
496 1231 671 1313 apparebit.
714 1231 861 1313 Namque
888 1231 946 1294 elsi
967 1229 1069 1295 mnlta
1090 1229 1188 1293 rerba
1206 1229 1268 1293 alia
1291 1248 1313 1293 a

146 1338 359 1420 superioribus
374 1337 580 1420 scriptoribus
597 1336 715 1402 tradita
733 1338 864 1419 accepit,
876 1337 938 1403 alia
955 1337 987 1400 in
1002 1354 1150 1400 sannone
1165 1335 1313 1417 populari

147 1447 286 1509 extantia
300 1446 429 1521 invenit,
451 1447 559 1508 tamen
581 1445 661 1509 hacc
675 1445 743 1526 ipsa
757 1445 925 1509 verborum
944 1445 1035 1525 copia
1050 1443 1092 1508 ad
1108 1442 1312 1508 efficiendum

145 1551 177 1615 id
200 1552 286 1633 quod
306 1553 450 1633 petebat,
468 1551 597 1615 minime
620 1551 765 1616 sulficere
784 1551 954 1643 videbatur
975 1554 1097 1634 poetae.
1146 1550 1254 1634 Atque
1273 1553 1312 1613 ut

145 1660 178 1721 in
199 1658 325 1740 reliquis
340 1658 589 1736 formationibus
611 1659 654 1722 ita
676 1659 823 1722 inverbis
844 1659 982 1723 maxime
1005 1659 1085 1722 illius
1101 1657 1261 1723 licentiam
1278 1660 1311 1720 et

147 1766 307 1831 libidinem
333 1765 508 1829 admiratus
528 1765 585 1842 sis3
614 1780 690 1829 nam
712 1766 809 1830 modo
831 1767 930 1830 verba
949 1765 1124 1830 secundum
1145 1768 1213 1829 tam
1235 1764 1312 1827 sim-

146 1872 241 1955 plices
256 1872 339 1952 leges
355 1871 494 1936 formata
510 1875 594 1951 sunt,
616 1875 651 1935 ut
667 1872 810 1955 quemvis
825 1873 1010 1955 scriptorem
1025 1870 1182 1936 Graecum
1195 1871 1310 1935 eodem

53 2062 58 2074 ¹
145 1980 242 2044 modo
263 1979 478 2042 derivatumm
501 1978 596 2043 fuisse
617 1979 799 2060 putandum
821 1980 878 2057 sit,
906 1980 1004 2044 modo
1027 1997 1153 2043 summa
1174 1977 1311 2042 audacia

23 4208 95 4224 nu·-

145 2091 176 2151 et
191 2087 328 2151 varietas
343 2086 549 2166 comparebit,
571 2104 644 2149 cum
664 2087 830 2168 complura
846 2087 945 2150 rerba
967 2087 1102 2152 eandem
1124 2085 1310 2168 praebentia

147 2192 407 2274 significationem
433 2192 474 2256 de
504 2192 616 2256 eodem
644 2192 801 2257 vocabulo
830 2194 983 2274 originem
1006 2194 1138 2258 ducant:
1166 2193 1255 2276 quod
1284 2193 1310 2256 si

144 2301 193 2377 lit,
225 2298 289 2364 noli
315 2298 475 2380 inquirere
502 2298 682 2364 discrimina
703 2299 957 2381 significationis,
985 2318 1068 2382 quae
1099 2300 1188 2365 haud
1218 2299 1309 2364 facile

146 2407 316 2482 invenerim
339 2425 416 2470 nam
438 2408 533 2488 poeta
550 2406 617 2487 ipse
632 2423 758 2471 summo
774 2407 843 2470 ioco
858 2410 956 2487 atque
970 2405 1139 2470 festivitate
1152 2407 1309 2472 insultans

144 2513 242 2577 modo
264 2513 326 2577 hoc
346 2513 442 2577 modo
464 2511 540 2575 illud
560 2512 694 2576 verbum
713 2513 834 2593 posuit,
866 2511 942 2594 quid
968 2512 1088 2576 intersit
1110 2513 1308 2590 discriminis

144 2641 239 2703 saepe
272 2621 400 2702 ignarus
432 2622 490 2683 aut
519 2619 694 2682 immemor.
747 2620 799 2684 An
831 2620 914 2683 inter
945 2624 1060 2699 χεσείω
1090 2623 1121 2683 et
1152 2618 1308 2702 χεζητιάω

144 2727 319 2791 distinxisse
339 2725 427 2789 illum
449 2725 597 2807 putabis?
629 2724 731 2791 Huius
752 2727 881 2808 quidem
903 2728 948 2790 rei
970 2744 1036 2790 non
1057 2728 1190 2791 minima
1210 2745 1309 2792 causa

143 2836 176 2899 in
188 2853 226 2898 co
236 2833 338 2918 posita
350 2835 406 2908 est,
428 2831 515 2914 quod
526 2832 587 2910 ille,
603 2836 638 2895 ut
652 2834 778 2913 saepius
792 2833 938 2910 diximus,
952 2850 1132 2897 sermonem
1146 2833 1309 2914 uolgarem

144 2945 175 3006 et
195 2957 414 3016 communem,
441 2956 634 3022 quacunque
653 2942 777 3022 poterat
797 2940 934 3017 ratione,
963 2941 1103 3004 imitatus
1131 2944 1162 3004 et
1182 2945 1309 3005 secutus

144 3051 198 3113 est.
241 3045 362 3110 Deinde
380 3047 506 3128 saepius
528 3048 585 3109 aut
602 3046 693 3109 matri
717 3046 839 3110 ratione
860 3046 1024 3127 flagitante
1046 3051 1117 3125 aut,
1144 3050 1180 3111 ut
1201 3048 1310 3112 iocum

144 3157 298 3231 moveret,
334 3152 506 3216 verborum
545 3151 657 3232 stirpes
687 3152 820 3216 traditas
850 3152 1124 3237 terminationibus
1150 3153 1239 3218 auxit
1277 3158 1309 3218 et

145 3260 362 3344 amplificavit:
384 3277 449 3341 quo
471 3257 556 3322 iacto
576 3257 623 3322 ris
644 3277 682 3322 ac
704 3258 891 3340 significatio
912 3257 1000 3322 verbi
1022 3262 1146 3324 mutata
1168 3265 1224 3324 est.

224 3367 322 3432 Nobis
344 3365 472 3449 quidem
494 3365 535 3428 ad
558 3365 641 3429 hanc
659 3365 890 3429 vocabulorum
911 3364 1043 3428 classem
1064 3365 1308 3431 describendam

144 3481 176 3543 et
204 3473 438 3558 explanandam
466 3490 585 3554 magno
614 3473 685 3536 usui
711 3475 803 3536 erant
830 3490 885 3550 ca,
914 3490 997 3554 quae
1025 3471 1060 3537 G.
1081 3471 1247 3537 Curtius
1273 3474 1307 3537 in

145 3584 240 3660 libro,
261 3582 315 3664 qui
334 3580 513 3645 inscribitur
543 3580 620 3643 »das
643 3579 735 3644 Verb.
758 3580 813 3643 der
835 3579 950 3660 griech.
972 3579 1132 3662 Sprache«
1154 3580 1194 3644 de
1214 3580 1309 3644 variis

143 3692 314 3756 verborum
343 3687 510 3768 generibus
537 3688 643 3768 sagaci
672 3706 710 3751 ac
739 3687 843 3750 subtili
868 3687 981 3751 iudicio
1003 3687 1167 3768 exquisivit
1197 3690 1228 3750 et
1252 3707 1307 3750 ex-

143 3798 285 3880 plicavit:
315 3797 348 3860 in
372 3796 482 3878 paucis
506 3798 615 3859 autem
634 3795 728 3859 rebus
746 3795 790 3858 ab
813 3795 878 3860 eius
901 3795 1058 3857 sententia
1078 3793 1307 3858 discedendum

144 3922 213 3968 esse
244 3903 434 3986 putavimus.
490 3902 538 3965 Ac
572 3901 712 3983 primurn
750 3901 878 3984 quidem
917 3901 983 3964 eins
1019 3900 1168 3965 iudicium
1200 3900 1306 3965 mirati

146 4030 270 4090 sumus,
292 4009 379 4093 quod
399 4009 497 4074 rerba
519 4009 674 4087 derivata,
696 4027 779 4092 quae
797 4011 967 4087 vocentur,
996 4007 1201 4088 intensiva,
1229 4007 1306 4073 frc-
