2940 4492
720 149 742 215 8

151 330 275 396 videtur
294 331 418 412 patere,
447 347 546 411 quam
572 329 642 413 quis
662 330 838 395 seeundum
861 329 1039 413 Holzingeri
1068 329 1308 413 explicationem

151 438 342 520 suspicetur3
361 436 462 501 multa
483 438 566 501 enim
589 437 631 502 ab
654 437 869 520 Aristophane
890 439 993 503 iocose
1020 439 1120 519 dicta,
1151 456 1233 520 quae
1259 436 1312 500 hic

152 545 200 608 vir
221 543 332 608 doctus
353 546 389 607 ut
410 543 603 627 explanaret,
624 544 724 626 longis
746 545 935 626 ambagibus
956 565 1031 610 usus
1053 548 1116 624 est,
1144 564 1202 626 per
1223 544 1312 608 illam

152 651 289 733 figuram
308 650 429 715 habent
442 651 682 734 explicationem
696 652 886 717 facillimam.
921 653 1003 718 Nam
1018 653 1129 718 sicum
1143 652 1195 717 illo
1210 649 1254 734 (p.
1269 650 1311 732 9.)
1331 649 1335 659 '

154 756 232 838 παρ’
245 753 404 819 ὑπόνοιαν
417 757 537 840 figurae
548 759 705 824 rationem
719 760 926 842 explicamus:
949 783 975 823 ο.
991 809 998 824 .
1014 808 1021 823 .
1038 760 1312 842 quotienscunque

154 865 241 929 velut
271 883 309 928 ex
337 864 507 946 improviso
538 868 570 929 et
599 868 725 948 praeter
753 867 1005 948 expectationem
1026 867 1163 932 alterum
1184 865 1313 930 alterius

153 972 301 1037 vocabuli
322 973 430 1036 sedem
451 977 584 1055 occupat
606 1021 613 1036 .
638 1021 645 1036 .
668 996 692 1049 .;
723 993 787 1056 quo
809 973 845 1037 fit
873 975 1102 1038 sententiarum
1124 973 1314 1056 plerumque

154 1080 320 1162 repentina
327 1079 534 1145 commutatio
544 1129 551 1142 .
561 1127 568 1142 .
579 1101 616 1158 .‹,
627 1099 693 1143 non
700 1082 829 1145 tantum
839 1099 877 1145 ea
884 1080 1037 1163 exempla,
1053 1099 1135 1162 quae
1144 1079 1315 1143 scholiasta

154 1206 291 1269 cumque
313 1206 351 1250 eo
364 1185 532 1268 Holzinger
554 1187 760 1265 enumeravit,
782 1187 856 1252 huic
874 1187 981 1268 generi
1003 1186 1205 1252 attribuenda
1228 1187 1313 1264 sunt,

153 1312 265 1357 verum
287 1293 383 1357 etiam
403 1293 474 1372 alia,
495 1293 582 1360 velut
602 1293 802 1358 notissimum
823 1293 899 1358 illud
921 1293 1210 1377 Aristophanoum:

377 1400 428 1464 Τοὲ
453 1398 625 1464 Ταντάλου
646 1399 796 1465 τάλαντα
817 1400 1040 1478 τανταλίζεταο

153 1508 208 1573 ubi
230 1511 371 1591 apparet,
393 1507 617 1586 τανταλίζεναι
637 1509 771 1573 verbum
787 1528 854 1573 non
869 1528 1042 1591 congruere
1058 1526 1131 1572 cum
1146 1506 1313 1584 sententia,

153 1615 209 1679 sed
230 1615 388 1696 expectari
410 1613 649 1695 ταλανοίζεοαο,
674 1616 724 1680 cui
744 1620 829 1680 recte
850 1617 967 1680 inesset
987 1616 1075 1680 notio
1096 1613 1313 1697 ponderandi:

155 1720 241 1803 quod
262 1722 398 1785 verbnm
419 1722 489 1787 ideo
510 1723 718 1787 commutavit
738 1726 842 1805 poeta,
864 1725 952 1786 utet
974 1725 1077 1786 metro
1096 1721 1260 1787 satisfieret
1282 1722 1314 1783 et

154 1829 378 1911 paronomasia
406 1830 584 1912 quaedam,
617 1848 699 1912 quae
735 1833 883 1908 vocatur,
915 1829 1093 1894 efficeretur
1125 1829 1167 1892 ad
1200 1847 1314 1891 vocem

158 1932 345 2013 Ταντάλους
376 1935 487 1998 similia
513 1935 678 2018 complura
705 1937 889 2000 observasse
917 1937 1008 2001 nobis
1035 1935 1199 2011 videmur,
1231 1954 1315 2016 quae

154 2062 212 2106 suo
243 2042 312 2106 loco
346 2045 553 2124 exponentur.
608 2043 670 2106 Sed
701 2045 737 2106 ut
771 2042 813 2108 ad
846 2062 913 2106 rem
946 2063 1106 2107 summam
1136 2043 1314 2119 redeamus

154 2148 311 2213 mirabere
332 2149 474 2227 fortasse,
500 2149 663 2232 complura
686 2148 842 2214 vocabvila
863 2170 883 2214 a
904 2151 996 2215 nobis
1019 2150 1052 2214 in
1072 2151 1156 2214 hanc
1176 2150 1315 2231 priorem

155 2256 288 2320 classem
314 2256 415 2320 relata
443 2275 527 2335 esse,
557 2275 640 2339 quae
668 2256 771 2339 primo
799 2256 914 2321 obtutu
943 2276 1010 2320 non
1041 2256 1232 2333 derivata,
1259 2255 1316 2319 sed

155 2363 367 2445 composita
389 2383 458 2428 esse
480 2363 536 2427 tibi
556 2363 712 2428 videntur.
762 2364 853 2442 Quae
879 2363 905 2427 si
934 2364 1113 2427 accuratius
1133 2363 1316 2446 inspexeris

155 2489 253 2552 quam
276 2473 360 2534 recte
381 2469 628 2548 distinxerimus
657 2490 732 2534 mox
752 2470 930 2552 intelleges:
952 2490 1046 2548 nam,
1074 2472 1111 2533 ut
1133 2470 1316 2552 exemplum

155 2575 330 2653 addamUS,
366 2576 422 2639 etsi
460 2585 665 2657 μουσοποοέω
703 2596 742 2640 ex
775 2577 885 2657 μοῦσα
915 2579 946 2641 et
974 2583 1073 2638 ποιέω
1104 2578 1319 2660 compositum

154 2682 279 2746 videtur
299 2702 376 2762 esse,
395 2686 503 2747 tamen
519 2683 755 2766 Aristophanes,
776 2685 830 2766 qui
850 2684 970 2766 primus
991 2684 1051 2747 hoc
1071 2684 1204 2748 verbum
1223 2703 1318 2748 usur-

154 2789 260 2871 pavit,
289 2808 354 2853 non
380 2789 446 2873 ipse
475 2791 667 2872 composuit,
696 2792 751 2855 sed
774 2792 814 2855 de
834 2787 1031 2871 μονοοποιός
1051 2791 1197 2870 nomine,
1228 2791 1318 2874 quod

156 2917 176 2960 a
203 2897 405 2979 scriptoribus
426 2898 494 2980 ipso
519 2898 732 2980 superioribus
760 2901 948 2980 usurpatum
976 2898 1072 2961 fuisse
1099 2897 1317 2980 testimonia*)

156 3008 247 3082 sunt,
276 3005 415 3069 deduxit.
458 3005 548 3068 Talia
569 3006 716 3088 exempla
743 3006 1020 3088 decomposita,
1044 3023 1127 3087 quae
1150 3007 1318 3085 vocantur,

155 3112 257 3176 multa
277 3112 372 3176 infra
390 3111 607 3194 ascripsimus:
640 3114 695 3177 ubi
725 3133 775 3177 res
803 3113 955 3178 indubio
983 3117 1046 3191 est,
1076 3131 1130 3188 ea,
1161 3130 1243 3192 quae
1273 3113 1319 3175 ad
1371 3138 1376 3149 ·

154 3218 386 3283 vocabulorum
403 3219 565 3284 historiam
589 3220 733 3297 attinent,
754 3220 935 3298 adiecimus
955 3222 991 3283 ut
1013 3219 1119 3283 liceret
1141 3217 1320 3301 legentibus

156 3326 196 3390 de
219 3326 414 3408 singularum
435 3346 550 3391 vocum
571 3327 725 3390 memoria
745 3345 841 3390 suum
863 3327 952 3409 sequi
973 3326 1131 3389 iudicium.

237 3433 302 3497 Nos
321 3437 429 3498 autem
450 3435 483 3498 in
503 3434 564 3498 hac
584 3433 685 3516 priore
706 3433 933 3498 dissertationis
962 3435 1053 3514 parte
1080 3433 1179 3496 secuti
1205 3452 1320 3496 sumus

156 3541 436 3624 grammaticorum
458 3541 711 3605 distributionem
732 3560 793 3603 usu
818 3543 995 3622 receptam,
1024 3557 1089 3621 qua
1118 3537 1157 3601 de
1188 3538 1320 3618 singulis

156 3648 308 3712 orationis
331 3647 491 3730 partibus,
514 3647 711 3726 nominibus,
735 3647 992 3729 pronominibuS,
1014 3644 1186 3723 adverbiiS,
1214 3645 1320 3709 verbis

157 3755 305 3835 deinceps
326 3754 377 3835 agi
398 3757 430 3817 et
450 3754 595 3836 exempla
616 3755 797 3819 enumerari
815 3753 927 3816 solent.

157 3909 350 3920 ...ᾕ-

257 3989 281 4061 *)
299 3989 399 4053 Herod‚
416 3988 441 4053 2,
458 3987 520 4052 1553
538 3986 631 4057 Eurip.
650 3987 835 4057 compluribus
853 3985 927 4042 locis.
942 4019 973 4026 -
