2940 4492
723 172 763 240 79

155 407 163 415 .
240 352 490 430 στενο-κώκυτος
503 354 528 422 L
541 355 604 420 448
617 356 809 421 adiectivum
823 357 941 422 comice
956 356 1127 424 adhibetur
1142 358 1182 436 de
1196 379 1243 438 eo,
1265 354 1320 442 qui

157 469 190 530 in
201 465 321 548 capillis
333 464 510 543 evellendis,
526 464 601 546 quia
610 466 744 545 anguste
755 466 787 528 et
796 464 887 529 firme
902 465 989 530 infixi
1010 469 1095 545 sunt,
1116 466 1318 530 lamentatur.

241 569 456 654 αλειφό-βιος,
485 571 572 654 quod
592 571 621 636 fr
640 571 702 636 578
723 571 853 652 legitur,
883 571 936 635 vix
957 571 1000 636 ad
1022 573 1141 637 certam
1163 572 1265 654 legem
1286 575 1318 636 et

157 680 312 745 rationem
334 679 546 754 revocaverim
567 679 725 762 significat
745 681 865 757 autem,
886 679 912 742 si
925 668 1120 762 Hesychium
1141 680 1318 762 sequimur:

158 787 218 849 τόν
239 785 316 866 περὶ
337 784 547 868 παλαίστραν
569 779 862 867 ἀναστρεφόμενον
883 785 937 847 καὶ
958 784 1194 868 ὑπηρετοῦντα.
1313 855 1316 859 ,

239 893 404 958 Postremo
426 892 495 958 loco
516 892 614 958 affero
632 911 671 956 ea
692 893 867 975 composita
887 892 1133 974 Aristophanes,
1156 894 1189 958 in
1204 893 1318 976 quibus

157 1020 284 1066 summa
304 1004 418 1084 poetae
439 1000 550 1065 comici
572 998 697 1064 licentia
716 1002 815 1082 atque
834 999 969 1065 audacia
990 999 1148 1065 formandi
1169 1002 1317 1080 cernitur,

156 1109 189 1172 in
218 1108 334 1191 quibus
360 1127 426 1172 non
455 1127 527 1172 raro
554 1106 731 1190 complures
757 1107 994 1172 enuntiatomm
1023 1110 1144 1190 parteS,
1182 1111 1218 1173 ut
1243 1109 1318 1174 sub-

155 1215 340 1294 stantivum,
361 1215 562 1294 adiectivum,
583 1213 728 1292 verbum,
749 1213 937 1279 adverbium
953 1214 1003 1279 vel
1021 1214 1210 1281 adverbialis
1233 1217 1319 1281 notio

156 1323 189 1385 in
211 1341 314 1386 unum
333 1323 544 1404 compositum
563 1323 800 1403 coniunguntur
821 1325 853 1385 et
872 1321 1061 1387 coalescunt.

239 1428 312 1493 Eius
334 1429 457 1510 generis
479 1428 558 1492 mihi
580 1432 784 1494 occurremnt
804 1428 899 1495 haec:

237 1533 714 1619 σφραγιδ-οννχ-αργακομήτης
733 1535 763 1600 Ν
783 1536 853 1615 332,
873 1535 927 1618 qui
949 1536 1062 1617 digitos
1084 1555 1185 1618 usque
1206 1536 1315 1601 candi-

154 1643 231 1708 dam
249 1645 374 1726 partem
395 1642 512 1725 (dpyo)
531 1645 710 1726 unguinum
730 1641 848 1724 (obuy-t
860 1642 1182 1726 annulislcppayroy
1198 1647 1316 1708 ornant

156 1748 311 1832 (κομάω),·
339 1747 730 1834 ’κροννο-χντρο·λήραιος
761 1749 864 1828 Ε89,
899 1749 1017 1814 comice
1050 1749 1160 1815 fictum
1192 1754 1239 1816 est
1275 1752 1314 1816 de

155 1857 285 1922 homine
312 1857 409 1925 stulto
441 1861 473 1924 et
492 1859 643 1942 loquaoe‚
670 1859 728 1940 qui
761 1857 860 1921 verba
890 1858 1004 1921 emittit
1034 1859 1070 1921 ut
1096 1857 1167 1922 lons
1197 1852 1314 1941 aquas3

154 1983 231 2028 nam
253 1984 327 2030 cum
347 1963 449 2048 ληρέω
476 1965 630 2046 significet
656 1965 786 2046 nugari,
814 1966 918 2028 totum
945 1963 1137 2029 vocabulum
1165 1965 1315 2048 explicari

154 2074 260 2152 potest
280 2072 325 2136 ita
347 2075 383 2136 ut
405 2072 459 2136 sit:
480 2071 584 2154 ληρῶν
605 2069 646 2144 ὥς
666 2069 882 2154 κροννοχύτρα
902 2071 934 2152 (i.
949 2090 976 2135 e.
997 2091 1111 2136 urceus
1132 2071 1310 2155 aquarius);

154 2178 256 2243 inesse
279 2178 378 2243 voluit
405 2182 501 2261 poeta
528 2179 621 2244 simul
651 2179 801 2245 stultitiae
828 2181 1006 2258 notionem,
1033 2199 1131 2264 quam
1157 2179 1255 2245 habet
1286 2182 1311 2244 is

155 2287 210 2367 qui
230 2305 349 2368 aquam
370 2284 524 2368 (κροννός)
546 2286 624 2351 bibit
646 2307 704 2370 pro
724 2288 808 2352 vino.
837 2308 843 2320 ·

234 2394 436 2458 Adiectivum
444 2394 584 2476 quodest
597 2382 965 2476 τριβολ-εα-τράπελοςΝ
974 2395 1052 2458 1003
1067 2396 1312 2476 comparationis

153 2499 295 2582 aliquam
327 2501 491 2566 notionem
526 2501 686 2566 continere
718 2501 794 2565 mihi
829 2501 969 2565 videtur:
1004 2501 1077 2582 »qui
1109 2501 1199 2566 facile
1234 2504 1314 2567 verti

153 2609 259 2688 potest
291 2606 511 2690 (ἐκτράπελος)
544 2608 629 2673 velut
663 2610 766 2692 cuspis
799 2606 986 2691 lapidaturi:
1017 2612 1170 2673 notantur
1204 2613 1313 2672 autem

154 2714 215 2778 hoc
246 2714 401 2780 vocabulo
430 2713 646 2796 (στωμύλλειν
674 2713 988 2797 recommendat
1011 2715 1202 2780 elocutiones
1222 2717 1314 2780 tritae

154 2823 185 2884 et
199 2820 397 2886 decantatae.
432 2821 588 2901 (Adnotat
602 2822 644 2886 ad
658 2822 718 2887 hoc
733 2843 763 2885 v.
777 2820 956 2900 scholiasta,
976 2822 1002 2886 si
1021 2824 1105 2886 recte
1127 2822 1194 2886 eius
1214 2822 1313 2887 verba

154 2927 360 3010 interpretor,
388 2929 475 3011 prius
501 2929 596 2993 huius
623 2928 788 3010 compositi
816 2928 995 2994 membmm
1016 2929 1055 2994 de
1075 2933 1198 3011 τρίβειν
1217 2929 1314 2994 verbo

153 3034 353 3114 descendere,
375 3037 461 3118 quod
481 3041 542 3101 est:
566 3041 719 3112 »tererem
741 3038 786 3100 ita
806 3038 843 3100 ut
863 3036 1078 3102 definiendum
1098 3037 1150 3100 sit:
1166 3037 1220 3119 qui
1241 3036 1312 3100 terit

154 3159 193 3204 ea
229 3160 312 3224 quae
349 3143 437 3208 facile
470 3147 652 3219 vertuntur3
691 3145 740 3208 cui
776 3143 1025 3225 interpretationi
1060 3143 1137 3208 illud
1173 3144 1311 3207 maxime

153 3248 275 3328 obstat,
305 3250 391 3333 quod
420 3249 457 3313 ολ
486 3250 607 3334 syllaba
627 3250 747 3315 nullam
771 3251 837 3314 vim
862 3250 976 3326 habet;
1007 3270 1083 3315 nam
1112 3249 1313 3315 scribendum

152 3359 230 3434 erat,
245 3357 270 3421 si
284 3376 396 3422 verum
403 3358 529 3423 vidisset
543 3358 725 3423 scholiasta:
740 3354 1026 3454 τριβ-εκτράπελος
1038 3358 1088 3421 vel
1105 3357 1205 3422 simile
1219 3357 1311 3439 quid·
1417 3414 1424 3431 ,

174 3482 260 3527 lam.

151 3483 173 3544 p
234 3461 621 3656 riopuopocnstop·pay'yrcrv
655 3572 685 3636 R
714 3572 775 3636 839
803 3572 858 3636 Ar.
889 3571 1072 3654 Euripidem
1106 3570 1312 3637 adhibentem

151 3679 226 3742 facit
259 3680 300 3745 ad
333 3678 529 3744 illudendam
558 3679 704 3762 Aeschyli
734 3669 904 3744 verborum¹
928 3679 1205 3760 compositionem:
1240 3678 1312 3762 »qui
1413 3726 1417 3731 -

151 3786 289 3868 superbe
302 3787 471 3852 verborum
488 3789 587 3852 fasces
600 3785 745 3851 format«.
771 3786 817 3850 De
833 3787 945 3851 eodem
959 3786 1116 3870 Aeschylo
1130 3787 1313 3850 adhibetur:

235 3893 366 3957 κωδωνο
380 3892 654 3977 potueri-notos
673 3894 704 3960 R
724 3894 798 3971 963,
824 3893 878 3976 qui
896 3892 1086 3958 titinnabula
1106 3894 1139 3958 in
1160 3913 1315 3976 equorum

153 4003 269 4066 ornatu
300 4001 397 4066 habet
419 4005 450 4066 et
470 3999 898 4083 σαλπιγγο-λογχ-νπηναδης
918 4000 948 4066 R
969 4001 1046 4080 966,
1069 4000 1241 4083 (ΐονῒαεεετ)
1263 4003 1319 4085 qui
