2940 4492
719 207 761 274 ll

156 385 324 471 λαφυγμός
343 386 434 465 N5r,
455 383 654 468 δγκαλυμμός
672 386 724 452 Ar
742 387 822 452 1496
843 383 904 449 ἄη.
919 386 949 452 λ.
980 383 1194 468 ruovoram
1214 383 1316 450 L389

156 491 217 558 circ.
239 493 302 575 λεγ.
351 490 552 574 ῥοπαλισμός
581 493 614 556 L.
637 494 699 558 553
727 489 787 556 ἅπ.
809 493 852 570 λ.;
883 492 1062 576 [ῥοπαλίζω
1091 493 1225 559 verbum
1257 492 1317 556 etsi

158 601 245 685 apud
259 600 407 665 classicae
419 600 533 665 demtis
546 601 714 683 scriptores
728 618 794 665 non
808 602 974 685 reperitur,
989 605 1097 666 tamen
1112 601 1317 683 cogitandum

159 711 206 773 est
217 707 428 773 fundamento
434 706 530 772 fuisse
540 710 643 790 poeta,
659 707 700 771 de
713 726 779 791 quo
792 708 869 773 illud
884 709 1120 774 substantivum
1132 703 1316 789 derivaretl.

156 810 367 896 λοιδορησμός
393 813 506 878 Η758
533 808 595 877 rin.
615 811 644 876 λ.
665 812 847 895 γωνιασμός
877 813 989 880 R957
1017 811 1079 878 ἆπ.
1099 815 1143 896 L,
1164 817 1317 880 accurata

160 922 300 987 metatio.

241 1023 466 1111 σκαριφησμός
479 1027 510 1092 R
524 1027 613 1107 1497,
634 1027 675 1092 de
686 1025 910 1110 σκαριφάομαι
922 1028 1020 1094 verbo
1034 1028 1206 1106 descendit,
1228 1028 1317 1112 quod

159 1139 223 1200 est:
244 1134 443 1218 superficiem
463 1133 656 1210 scarificare3
679 1134 740 1200 hoc
760 1135 800 1200 de
830 1132 984 1218 σκάριφος
1008 1135 1137 1200 nomine
1165 1134 1318 1216 originem

159 1242 260 1321 ducit,
290 1241 377 1326 quod
404 1242 452 1306 est
472 1244 528 1306 cut
551 1240 659 1323 »virga
680 1240 789 1306 arida«
812 1243 869 1306 aut
890 1241 1064 1324 ’scriptura
1085 1241 1195 1319 leris31
1218 1260 1317 1324 quam

160 1353 330 1432 utramque
356 1347 616 1430 significationem
642 1347 744 1413 inesse
770 1348 803 1412 in
831 1351 941 1414 nostro
970 1367 1099 1434 quoque
1118 1347 1318 1414 substantivo

159 1456 335 1540 Hesychius
357 1454 392 1537 (s.
413 1474 443 1521 v.
464 1451 679 1538 καθώρμαια)
698 1456 785 1521 testis
807 1458 863 1520 est.

241 1563 277 1626 V.
320 1562 460 1628 Similem
482 1561 548 1628 vim
568 1563 667 1628 habet
687 1563 905 1631 terminatio
926 1577 997 1636 uu.
1036 1562 1174 1627 Nomina
1194 1561 1318 1627 Aristo-

160 1671 288 1756 phanea
310 1673 385 1734 sunt
405 1669 502 1736 haec:

242 1776 403 1859 περίλεξις
422 1777 451 1842 Ν
470 1777 541 1857 319,
562 1776 746 1860 loquacitas.

240 1882 399 1964 χαύνωσις
419 1883 449 1948 Ν
469 1885 544 1964 875,
566 1884 720 1966 significet
741 1902 812 1948 eam
833 1885 1007 1962 actionem,
1029 1901 1112 1966 quoe
1129 1883 1318 1966 lunpridum

157 1991 259 2056 reddit
279 1991 368 2074 alqm
388 1989 555 2073 (χαυνόω);
576 1991 688 2073 legitur
710 1991 789 2056 haec
808 2011 870 2059 vox
890 1992 977 2074 apud
991 1993 1179 2075 posteriores
1195 1991 1319 2074 aliquos

159 2099 336 2182 scriptores,
356 2098 443 2163 velut
464 2097 595 2165 Sextum
614 2099 816 2182 Empiricum.

241 2203 407 2287 ἀπόφυξις
438 2205 466 2268 V
492 2207 570 2286 558,
612 2205 781 2287 effugium,
815 2207 908 2288 firgus
945 2206 1000 2270 sed
1036 2204 1162 2270 vacillet
1196 2205 1319 2271 formae

161 2313 330 2395 scriptura:
353 2329 453 2395 quum
474 2311 503 2375 N
525 2312 586 2375 874
606 2311 749 2394 legamus
769 2309 953 2395 α’πόφευξις
976 2311 1134 2377 codicibus
1155 2311 1320 2392 traditum,

159 2439 218 2501 ego
237 2439 303 2484 non
324 2419 445 2497 dubito,
467 2419 544 2502 quin
565 2421 701 2503 uimque
721 2420 824 2485 forme
846 2420 890 2484 ab
904 2421 959 2486 Ar.
976 2420 1009 2484 in
1030 2438 1125 2484 usum
1146 2419 1244 2484 ducta
1266 2421 1319 2484 sit:

160 2529 294 2609 utraque
316 2528 364 2591 est
381 2521 443 2588 dn.
459 2525 486 2590 λ.
530 2524 672 2609 λόφωσις
692 2526 744 2591 Ar
757 2527 815 2591 291
839 2523 900 2590 dn.
914 2525 952 2606 λ,
975 2527 1122 2606 cristallo,
1145 2531 1324 2607 γυναίκισις

159 2632 211 2697 Th
231 2632 300 2697 863.

241 2738 290 2803 Vl.
323 2738 461 2804 Nomina
475 2739 694 2804 deverbaliu
714 2739 751 2804 in
770 2742 819 2802 -ta
834 2741 871 2804 et
884 2762 917 2822 -η
931 2739 1154 2817 terminata,
1175 2739 1322 2804 seminini
1359 2759 1362 2762 ⁴

160 2846 299 2928 generis,
327 2847 431 2911 varies
452 2847 595 2911 notiones
618 2847 755 2912 hubent:
784 2849 840 2912 aut
861 2847 1008 2926 actionis,
1037 2847 1123 2912 velut
1143 2845 1321 2930 καταχήνη,

159 2956 216 3017 eut
246 2956 348 3019 status
380 2956 412 3017 et
444 2953 616 3036 qualitatis,
647 2954 734 3017 velut
766 2952 908 3036 φιληδία.
965 2953 1070 3018 Huius
1097 2955 1202 3019 classis
1230 2954 1322 3036 apud

159 3061 295 3143 reliquos
326 3060 493 3143 scriptores
520 3061 693 3144 frequentis
721 3080 824 3143 pauca
851 3062 996 3145 exempla
1022 3063 1064 3126 ab
1085 3061 1147 3126 hoc
1169 3063 1266 3142 poeta
1287 3061 1322 3126 in

160 3168 300 3249 linguam
322 3167 453 3232 inducta
473 3187 540 3235 esse
560 3168 743 3234 mirandum
764 3171 819 3232 est.

242 3273 430 3357 ἁμαρτωλία
442 3275 468 3338 Ρ
480 3274 542 3339 415
560 3275 718 3340 Bentleius
735 3275 875 3357 reposuit
887 3294 946 3358 pro
961 3294 1008 3353 eo,
1032 3274 1117 3357 quod
1131 3273 1324 3340 tradebatur

162 3379 367 3462 άρματωλία,
394 3383 500 3447 motus
520 3381 556 3446 iis
577 3381 696 3458 verbis,
723 3399 805 3464 quae
827 3381 975 3462 leguntur
994 3382 1027 3444 in
1046 3381 1141 3446 Bekk.
1163 3380 1322 3447 antiattic.

161 3508 193 3570 p.
209 3487 258 3565 79,
282 3487 335 3553 10:
355 3485 554 3569 empore,
573 3487 630 3569 Ἄρ.
652 3484 769 3572 εἰρήνῃ.
804 3486 957 3552 Christius
970 3491 1079 3551 autem
1092 3488 1199 3551 nescio
1221 3507 1324 3570 quem

161 3596 288 3659 secutus
309 3595 341 3657 in
355 3593 435 3672 libri,
455 3596 509 3678 qui
526 3599 574 3659 est
589 3595 628 3660 de
642 3613 677 3659 re
690 3595 830 3674 metrica,
850 3616 881 3677 p.
898 3594 940 3658 34
951 3594 1140 3659 metathesin
1153 3595 1323 3661 literurum

160 3702 261 3766 inesse
282 3702 374 3782 putat
394 3702 427 3764 in
450 3701 509 3764 illis
529 3701 674 3779 vocibus3
706 3703 792 3786 quod
812 3720 878 3767 non
897 3705 996 3766 recte:
1024 3703 1122 3765 immo
1142 3701 1203 3765 hoc
1224 3721 1324 3769 versu

163 3808 307 3890 figuram,
329 3811 475 3890 quaeest
492 3809 570 3891 παρ’
582 3807 750 3890 ὑπόνοιαν,
774 3810 871 3876 latere
885 3827 1072 3892 persuasum
1086 3807 1199 3872 habeo.
1234 3809 1324 3875 Nam

164 3917 348 3998 expectatur
374 3915 550 3981 secundum
584 3916 681 3981 huius
714 3918 775 3983 loci
800 3917 990 3982 sententiam
1019 3934 1098 3992 vox,
1133 3916 1236 3999 qualis
1271 3921 1324 3981 est

163 4017 351 4104 dpuprolo‘,
384 4041 528 4106 proque
549 4027 661 4106 poete,
682 4029 719 4090 ut
740 4025 843 4090 iocum
865 4025 1008 4103 moreat,
1030 4020 1220 4104 dormella
1241 4025 1325 4105 παρ’
