<?xml version="1.0" encoding="UTF-8"?>
<!DOCTYPE html PUBLIC "-//W3C//DTD XHTML 1.0 Transitional//EN"
    "http://www.w3.org/TR/xhtml1/DTD/xhtml1-transitional.dtd">
<html xmlns="http://www.w3.org/1999/xhtml" xml:lang="en" lang="en">
 <head>
  <title>
</title>
<meta http-equiv="Content-Type" content="text/html;charset=utf-8" />
  <meta name='ocr-system' content='tesseract 3.04.00' />
  <meta name='ocr-capabilities' content='ocr_page ocr_carea ocr_par ocr_line ocrx_word'/>
</head>
<body>
  <div class='ocr_page' id='page_1' title='image "./dearistophanisc00uckegoog_0055.png"; bbox 0 0 2940 4492; ppageno 0'>
   <div class='ocr_carea' id='block_1_1' title="bbox 777 144 818 213">
    <p class='ocr_par' dir='ltr' id='par_1_1' title="bbox 777 144 818 213">
     <span class='ocr_line' id='line_1_1' title="bbox 777 144 818 213; baseline 0.024 -1"><span class='ocrx_word' id='word_1_1' title='bbox 777 144 818 213; x_wconf 70' lang='lat'>42</span> 
     </span>
    </p>
   </div>
   <div class='ocr_carea' id='block_1_2' title="bbox 195 329 1377 3720">
    <p class='ocr_par' dir='ltr' id='par_1_2' title="bbox 208 329 1377 2316">
     <span class='ocr_line' id='line_1_2' title="bbox 218 329 1376 413; baseline -0.001 -19"><span class='ocrx_word' id='word_1_2' title='bbox 218 331 267 396; x_wconf 91' lang='lat' dir='ltr'>hie</span> <span class='ocrx_word' id='word_1_3' title='bbox 289 332 373 395; x_wconf 94' lang='lat' dir='ltr'>enim</span> <span class='ocrx_word' id='word_1_4' title='bbox 393 334 489 413; x_wconf 80' lang='lat' dir='ltr'>potita</span> <span class='ocrx_word' id='word_1_5' title='bbox 511 329 563 395; x_wconf 89' lang='lat' dir='ltr'>illa</span> <span class='ocrx_word' id='word_1_6' title='bbox 584 331 688 393; x_wconf 86' lang='lat' dir='ltr'>aetate</span> <span class='ocrx_word' id='word_1_7' title='bbox 710 329 786 393; x_wconf 84' lang='lat' dir='ltr'>vixit</span> <span class='ocrx_word' id='word_1_8' title='bbox 806 332 837 392; x_wconf 89' lang='lat' dir='ltr'>et</span> <span class='ocrx_word' id='word_1_9' title='bbox 864 329 1001 409; x_wconf 82' lang='lat' dir='ltr'>scripsit,</span> <span class='ocrx_word' id='word_1_10' title='bbox 1033 349 1097 410; x_wconf 87' lang='lat' dir='ltr'>qua</span> <span class='ocrx_word' id='word_1_11' title='bbox 1125 330 1232 410; x_wconf 82' lang='lat' dir='ltr'>lingua</span> <span class='ocrx_word' id='word_1_12' title='bbox 1254 329 1376 394; x_wconf 88' lang='lat' dir='ltr'>Graeca</span> 
     </span>
     <span class='ocr_line' id='line_1_3' title="bbox 216 436 1377 517; baseline -0.002 -17"><span class='ocrx_word' id='word_1_13' title='bbox 216 438 323 501; x_wconf 94' lang='lat' dir='ltr'>multis</span> <span class='ocrx_word' id='word_1_14' title='bbox 344 439 446 502; x_wconf 90' lang='lat' dir='ltr'>verbis</span> <span class='ocrx_word' id='word_1_15' title='bbox 469 440 500 500; x_wconf 92' lang='lat' dir='ltr'>et</span> <span class='ocrx_word' id='word_1_16' title='bbox 519 436 700 499; x_wconf 89' lang='lat' dir='ltr'>nominibus</span> <span class='ocrx_word' id='word_1_17' title='bbox 722 437 812 500; x_wconf 91' lang='lat' dir='ltr'>novis</span> <span class='ocrx_word' id='word_1_18' title='bbox 835 439 929 500; x_wconf 84' lang='lat' dir='ltr'>aucta</span> <span class='ocrx_word' id='word_1_19' title='bbox 951 440 982 498; x_wconf 90' lang='lat' dir='ltr'>et</span> <span class='ocrx_word' id='word_1_20' title='bbox 1008 437 1200 517; x_wconf 88' lang='lat' dir='ltr'>locupletata</span> <span class='ocrx_word' id='word_1_21' title='bbox 1230 440 1314 500; x_wconf 89' lang='lat' dir='ltr'>erat:</span> <span class='ocrx_word' id='word_1_22' title='bbox 1345 438 1377 499; x_wconf 91' lang='lat' dir='ltr'>et</span> 
     </span>
     <span class='ocr_line' id='line_1_4' title="bbox 216 543 1373 627; baseline -0.002 -18"><span class='ocrx_word' id='word_1_23' title='bbox 216 546 445 627; x_wconf 78' lang='lat' dir='ltr'><strong>Aristophanes</strong></span> <span class='ocrx_word' id='word_1_24' title='bbox 475 545 541 627; x_wconf 91' lang='lat' dir='ltr'>ipse</span> <span class='ocrx_word' id='word_1_25' title='bbox 570 544 611 608; x_wconf 92' lang='lat' dir='ltr'>ad</span> <span class='ocrx_word' id='word_1_26' title='bbox 641 543 821 624; x_wconf 85' lang='lat' dir='ltr'>augendam</span> <span class='ocrx_word' id='word_1_27' title='bbox 850 543 1020 606; x_wconf 91' lang='lat' dir='ltr'>verborum</span> <span class='ocrx_word' id='word_1_28' title='bbox 1051 544 1174 624; x_wconf 89' lang='lat' dir='ltr'>copiam</span> <span class='ocrx_word' id='word_1_29' title='bbox 1203 544 1373 626; x_wconf 90' lang='lat' dir='ltr'>plurimum</span> 
     </span>
     <span class='ocr_line' id='line_1_5' title="bbox 216 648 1375 733; baseline -0.004 -16"><span class='ocrx_word' id='word_1_30' title='bbox 216 654 329 717; x_wconf 83' lang='lat' dir='ltr'>attulit.</span> <span class='ocrx_word' id='word_1_31' title='bbox 379 651 468 729; x_wconf 87' lang='lat' dir='ltr'>Quae</span> <span class='ocrx_word' id='word_1_32' title='bbox 497 670 596 733; x_wconf 89' lang='lat' dir='ltr'>quum</span> <span class='ocrx_word' id='word_1_33' title='bbox 624 651 668 713; x_wconf 88' lang='lat' dir='ltr'>ita</span> <span class='ocrx_word' id='word_1_34' title='bbox 697 649 776 726; x_wconf 91' lang='lat' dir='ltr'>sint,</span> <span class='ocrx_word' id='word_1_35' title='bbox 802 648 880 712; x_wconf 91' lang='lat' dir='ltr'>illud</span> <span class='ocrx_word' id='word_1_36' title='bbox 899 669 1027 731; x_wconf 90' lang='lat' dir='ltr'>quoque</span> <span class='ocrx_word' id='word_1_37' title='bbox 1056 651 1146 714; x_wconf 87' lang='lat' dir='ltr'>facile</span> <span class='ocrx_word' id='word_1_38' title='bbox 1175 650 1375 731; x_wconf 87' lang='lat' dir='ltr'>intellegitur,</span> 
     </span>
     <span class='ocr_line' id='line_1_6' title="bbox 215 756 1376 841; baseline -0.002 -18"><span class='ocrx_word' id='word_1_39' title='bbox 215 759 461 841; x_wconf 80' lang='lat' dir='ltr'>Aristophanem</span> <span class='ocrx_word' id='word_1_40' title='bbox 483 777 502 821; x_wconf 91' lang='lat' dir='ltr'>a</span> <span class='ocrx_word' id='word_1_41' title='bbox 523 756 624 839; x_wconf 87' lang='lat' dir='ltr'>prima</span> <span class='ocrx_word' id='word_1_42' title='bbox 645 756 753 837; x_wconf 79' lang='lat' dir='ltr'>lingua</span> <span class='ocrx_word' id='word_1_43' title='bbox 768 756 860 820; x_wconf 89' lang='lat' dir='ltr'>valde</span> <span class='ocrx_word' id='word_1_44' title='bbox 875 758 1038 819; x_wconf 84' lang='lat' dir='ltr'>recessisse</span> <span class='ocrx_word' id='word_1_45' title='bbox 1053 777 1111 820; x_wconf 89' lang='lat' dir='ltr'>nec</span> <span class='ocrx_word' id='word_1_46' title='bbox 1126 777 1252 838; x_wconf 84' lang='lat' dir='ltr'>semper</span> <span class='ocrx_word' id='word_1_47' title='bbox 1266 758 1376 821; x_wconf 87' lang='lat' dir='ltr'>omnia</span> 
     </span>
     <span class='ocr_line' id='line_1_7' title="bbox 214 863 1376 948; baseline -0.003 -19"><span class='ocrx_word' id='word_1_48' title='bbox 214 870 382 948; x_wconf 88' lang='lat' dir='ltr'>praecepta</span> <span class='ocrx_word' id='word_1_49' title='bbox 412 865 574 929; x_wconf 86' lang='lat' dir='ltr'>derivandi</span> <span class='ocrx_word' id='word_1_50' title='bbox 601 867 632 927; x_wconf 89' lang='lat' dir='ltr'>et</span> <span class='ocrx_word' id='word_1_51' title='bbox 653 863 865 947; x_wconf 91' lang='lat' dir='ltr'>componendi</span> <span class='ocrx_word' id='word_1_52' title='bbox 887 864 1002 927; x_wconf 85' lang='lat' dir='ltr'>usitate</span> <span class='ocrx_word' id='word_1_53' title='bbox 1025 864 1223 939; x_wconf 76' lang='lat' dir='ltr'>observasse3</span> <span class='ocrx_word' id='word_1_54' title='bbox 1252 864 1376 928; x_wconf 87' lang='lat' dir='ltr'>accedit</span> 
     </span>
     <span class='ocr_line' id='line_1_8' title="bbox 214 970 1375 1055; baseline -0.002 -20"><span class='ocrx_word' id='word_1_55' title='bbox 214 974 301 1055; x_wconf 88' lang='lat' dir='ltr'>quod</span> <span class='ocrx_word' id='word_1_56' title='bbox 320 973 371 1036; x_wconf 92' lang='lat' dir='ltr'>hic</span> <span class='ocrx_word' id='word_1_57' title='bbox 392 975 486 1053; x_wconf 73' lang='lat' dir='ltr'>potita</span> <span class='ocrx_word' id='word_1_58' title='bbox 508 974 554 1035; x_wconf 82' lang='lat' dir='ltr'>est</span> <span class='ocrx_word' id='word_1_59' title='bbox 569 971 751 1051; x_wconf 86' lang='lat' dir='ltr'>comicus*),</span> <span class='ocrx_word' id='word_1_60' title='bbox 774 971 829 1052; x_wconf 90' lang='lat' dir='ltr'>qui</span> <span class='ocrx_word' id='word_1_61' title='bbox 846 990 904 1034; x_wconf 93' lang='lat' dir='ltr'>sua</span> <span class='ocrx_word' id='word_1_62' title='bbox 918 971 1046 1034; x_wconf 86' lang='lat' dir='ltr'>libidine</span> <span class='ocrx_word' id='word_1_63' title='bbox 1061 972 1112 1034; x_wconf 91' lang='lat' dir='ltr'>vel</span> <span class='ocrx_word' id='word_1_64' title='bbox 1126 971 1168 1035; x_wconf 87' lang='lat' dir='ltr'>ad</span> <span class='ocrx_word' id='word_1_65' title='bbox 1184 970 1375 1034; x_wconf 90' lang='lat' dir='ltr'>sententiam</span> 
     </span>
     <span class='ocr_line' id='line_1_9' title="bbox 213 1078 1376 1160; baseline -0.002 -16"><span class='ocrx_word' id='word_1_66' title='bbox 213 1080 410 1144; x_wconf 86' lang='lat' dir='ltr'>efficiendam</span> <span class='ocrx_word' id='word_1_67' title='bbox 433 1079 587 1142; x_wconf 83' lang='lat' dir='ltr'>ludicram</span> <span class='ocrx_word' id='word_1_68' title='bbox 609 1078 707 1141; x_wconf 87' lang='lat' dir='ltr'>verba</span> <span class='ocrx_word' id='word_1_69' title='bbox 727 1097 821 1159; x_wconf 81' lang='lat' dir='ltr'>saepe</span> <span class='ocrx_word' id='word_1_70' title='bbox 843 1079 887 1141; x_wconf 86' lang='lat' dir='ltr'>ita</span> <span class='ocrx_word' id='word_1_71' title='bbox 908 1079 1037 1142; x_wconf 88' lang='lat' dir='ltr'>misceat</span> <span class='ocrx_word' id='word_1_72' title='bbox 1060 1082 1090 1141; x_wconf 94' lang='lat' dir='ltr'>et</span> <span class='ocrx_word' id='word_1_73' title='bbox 1120 1082 1308 1160; x_wconf 87' lang='lat' dir='ltr'>componat,</span> <span class='ocrx_word' id='word_1_74' title='bbox 1340 1083 1376 1142; x_wconf 84' lang='lat' dir='ltr'>ut</span> 
     </span>
     <span class='ocr_line' id='line_1_10' title="bbox 214 1183 1374 1270; baseline 0 -21"><span class='ocrx_word' id='word_1_75' title='bbox 214 1188 313 1249; x_wconf 88' lang='lat' dir='ltr'>certas</span> <span class='ocrx_word' id='word_1_76' title='bbox 340 1185 425 1266; x_wconf 84' lang='lat' dir='ltr'>leges</span> <span class='ocrx_word' id='word_1_77' title='bbox 453 1186 504 1249; x_wconf 81' lang='lat' dir='ltr'>vix</span> <span class='ocrx_word' id='word_1_78' title='bbox 532 1185 705 1266; x_wconf 79' lang='lat' dir='ltr'>agnoveris.</span> <span class='ocrx_word' id='word_1_79' title='bbox 755 1183 972 1261; x_wconf 85' lang='lat' dir='ltr'>Quamobrem</span> <span class='ocrx_word' id='word_1_80' title='bbox 1003 1204 1040 1248; x_wconf 91' lang='lat' dir='ltr'>ea</span> <span class='ocrx_word' id='word_1_81' title='bbox 1070 1187 1261 1267; x_wconf 87' lang='lat' dir='ltr'>composita,</span> <span class='ocrx_word' id='word_1_82' title='bbox 1289 1205 1374 1270; x_wconf 86' lang='lat' dir='ltr'>quae</span> 
     </span>
     <span class='ocr_line' id='line_1_11' title="bbox 212 1291 1374 1374; baseline 0.002 -19"><span class='ocrx_word' id='word_1_83' title='bbox 212 1292 441 1374; x_wconf 76' lang='lat' dir='ltr'>Aristophanes</span> <span class='ocrx_word' id='word_1_84' title='bbox 470 1291 590 1373; x_wconf 91' lang='lat' dir='ltr'>primus</span> <span class='ocrx_word' id='word_1_85' title='bbox 620 1295 676 1355; x_wconf 90' lang='lat' dir='ltr'>aut</span> <span class='ocrx_word' id='word_1_86' title='bbox 704 1291 789 1355; x_wconf 92' lang='lat' dir='ltr'>solus</span> <span class='ocrx_word' id='word_1_87' title='bbox 817 1291 983 1368; x_wconf 80' lang='lat' dir='ltr'>formavit,</span> <span class='ocrx_word' id='word_1_88' title='bbox 1004 1292 1047 1356; x_wconf 86' lang='lat' dir='ltr'>ita</span> <span class='ocrx_word' id='word_1_89' title='bbox 1068 1291 1284 1356; x_wconf 88' lang='lat' dir='ltr'>distribuenda</span> <span class='ocrx_word' id='word_1_90' title='bbox 1306 1312 1374 1357; x_wconf 87' lang='lat' dir='ltr'>esse</span> 
     </span>
     <span class='ocr_line' id='line_1_12' title="bbox 214 1397 1374 1482; baseline 0.001 -20"><span class='ocrx_word' id='word_1_91' title='bbox 214 1399 412 1476; x_wconf 89' lang='lat' dir='ltr'>videbantur,</span> <span class='ocrx_word' id='word_1_92' title='bbox 436 1401 472 1461; x_wconf 89' lang='lat' dir='ltr'>ut</span> <span class='ocrx_word' id='word_1_93' title='bbox 494 1398 632 1480; x_wconf 88' lang='lat' dir='ltr'>primum</span> <span class='ocrx_word' id='word_1_94' title='bbox 657 1417 694 1461; x_wconf 89' lang='lat' dir='ltr'>ea</span> <span class='ocrx_word' id='word_1_95' title='bbox 717 1397 891 1480; x_wconf 86' lang='lat' dir='ltr'>composita</span> <span class='ocrx_word' id='word_1_96' title='bbox 915 1399 1195 1476; x_wconf 83' lang='lat' dir='ltr'>consideraremus,</span> <span class='ocrx_word' id='word_1_97' title='bbox 1218 1419 1300 1482; x_wconf 88' lang='lat' dir='ltr'>quae</span> <span class='ocrx_word' id='word_1_98' title='bbox 1322 1399 1374 1464; x_wconf 93' lang='lat' dir='ltr'>ille</span> 
     </span>
     <span class='ocr_line' id='line_1_13' title="bbox 211 1503 1371 1588; baseline 0.002 -20"><span class='ocrx_word' id='word_1_99' title='bbox 211 1506 386 1568; x_wconf 92' lang='lat' dir='ltr'>secundum</span> <span class='ocrx_word' id='word_1_100' title='bbox 402 1505 485 1586; x_wconf 82' lang='lat' dir='ltr'>leges</span> <span class='ocrx_word' id='word_1_101' title='bbox 500 1504 532 1567; x_wconf 94' lang='lat' dir='ltr'>in</span> <span class='ocrx_word' id='word_1_102' title='bbox 548 1504 694 1568; x_wconf 89' lang='lat' dir='ltr'>universa</span> <span class='ocrx_word' id='word_1_103' title='bbox 706 1503 894 1582; x_wconf 87' lang='lat' dir='ltr'>Graecitate,</span> <span class='ocrx_word' id='word_1_104' title='bbox 911 1524 994 1586; x_wconf 90' lang='lat' dir='ltr'>quae</span> <span class='ocrx_word' id='word_1_105' title='bbox 1007 1509 1147 1582; x_wconf 83' lang='lat' dir='ltr'>vocatur,</span> <span class='ocrx_word' id='word_1_106' title='bbox 1168 1507 1371 1588; x_wconf 86' lang='lat' dir='ltr'>maximeque</span> 
     </span>
     <span class='ocr_line' id='line_1_14' title="bbox 214 1610 1374 1695; baseline 0.001 -20"><span class='ocrx_word' id='word_1_107' title='bbox 214 1612 301 1694; x_wconf 88' lang='lat' dir='ltr'>apud</span> <span class='ocrx_word' id='word_1_108' title='bbox 317 1613 436 1695; x_wconf 87' lang='lat' dir='ltr'>priores</span> <span class='ocrx_word' id='word_1_109' title='bbox 450 1612 615 1693; x_wconf 79' lang='lat' dir='ltr'>scriptores</span> <span class='ocrx_word' id='word_1_110' title='bbox 634 1610 743 1675; x_wconf 88' lang='lat' dir='ltr'>firmas</span> <span class='ocrx_word' id='word_1_111' title='bbox 765 1614 796 1674; x_wconf 89' lang='lat' dir='ltr'>et</span> <span class='ocrx_word' id='word_1_112' title='bbox 816 1610 948 1675; x_wconf 87' lang='lat' dir='ltr'>usitatas</span> <span class='ocrx_word' id='word_1_113' title='bbox 964 1610 1064 1688; x_wconf 86' lang='lat' dir='ltr'>finxit,</span> <span class='ocrx_word' id='word_1_114' title='bbox 1084 1611 1196 1675; x_wconf 90' lang='lat' dir='ltr'>deinde</span> <span class='ocrx_word' id='word_1_115' title='bbox 1213 1613 1303 1694; x_wconf 86' lang='lat' dir='ltr'>quasi</span> <span class='ocrx_word' id='word_1_116' title='bbox 1315 1632 1374 1695; x_wconf 92' lang='lat' dir='ltr'>per</span> 
     </span>
     <span class='ocr_line' id='line_1_15' title="bbox 213 1718 1374 1801; baseline 0.001 -19"><span class='ocrx_word' id='word_1_117' title='bbox 213 1718 421 1800; x_wconf 90' lang='lat' dir='ltr'>appendicem</span> <span class='ocrx_word' id='word_1_118' title='bbox 454 1738 491 1782; x_wconf 88' lang='lat' dir='ltr'>ea</span> <span class='ocrx_word' id='word_1_119' title='bbox 523 1722 747 1796; x_wconf 86' lang='lat' dir='ltr'>tractaremus,</span> <span class='ocrx_word' id='word_1_120' title='bbox 788 1738 871 1801; x_wconf 90' lang='lat' dir='ltr'>quae</span> <span class='ocrx_word' id='word_1_121' title='bbox 911 1718 962 1781; x_wconf 91' lang='lat' dir='ltr'>ille</span> <span class='ocrx_word' id='word_1_122' title='bbox 1002 1719 1135 1781; x_wconf 88' lang='lat' dir='ltr'>audacia</span> <span class='ocrx_word' id='word_1_123' title='bbox 1169 1719 1310 1800; x_wconf 87' lang='lat' dir='ltr'>quadam</span> <span class='ocrx_word' id='word_1_124' title='bbox 1342 1723 1374 1783; x_wconf 90' lang='lat' dir='ltr'>et</span> 
     </span>
     <span class='ocr_line' id='line_1_16' title="bbox 213 1822 1374 1907; baseline 0.002 -19"><span class='ocrx_word' id='word_1_125' title='bbox 213 1822 339 1888; x_wconf 88' lang='lat' dir='ltr'>licentia</span> <span class='ocrx_word' id='word_1_126' title='bbox 369 1824 493 1906; x_wconf 72' lang='lat' dir='ltr'>poetica</span> <span class='ocrx_word' id='word_1_127' title='bbox 524 1824 642 1889; x_wconf 91' lang='lat' dir='ltr'>comice</span> <span class='ocrx_word' id='word_1_128' title='bbox 674 1825 865 1907; x_wconf 89' lang='lat' dir='ltr'>composuit:</span> <span class='ocrx_word' id='word_1_129' title='bbox 897 1828 994 1906; x_wconf 84' lang='lat' dir='ltr'>atque</span> <span class='ocrx_word' id='word_1_130' title='bbox 1026 1824 1106 1887; x_wconf 89' lang='lat' dir='ltr'>haec</span> <span class='ocrx_word' id='word_1_131' title='bbox 1138 1826 1267 1907; x_wconf 87' lang='lat' dir='ltr'>quidem</span> <span class='ocrx_word' id='word_1_132' title='bbox 1296 1830 1374 1891; x_wconf 87' lang='lat' dir='ltr'>sunt</span> 
     </span>
     <span class='ocr_line' id='line_1_17' title="bbox 211 1930 1372 2013; baseline 0.008 -26"><span class='ocrx_word' id='word_1_133' title='bbox 211 1932 398 2013; x_wconf 75' lang='lat' dir='ltr'>»proprie</span> <span class='ocrx_word' id='word_1_134' title='bbox 434 1931 747 2012; x_wconf 72' lang='lat' dir='ltr'>Aristophaneac.</span> <span class='ocrx_word' id='word_1_135' title='bbox 801 1930 885 1994; x_wconf 90' lang='lat' dir='ltr'>Nam</span> <span class='ocrx_word' id='word_1_136' title='bbox 922 1932 1115 2012; x_wconf 89' lang='lat' dir='ltr'>composita,</span> <span class='ocrx_word' id='word_1_137' title='bbox 1152 1932 1258 2013; x_wconf 89' lang='lat' dir='ltr'>qualia</span> <span class='ocrx_word' id='word_1_138' title='bbox 1295 1936 1372 1997; x_wconf 89' lang='lat' dir='ltr'>sunt</span> 
     </span>
     <span class='ocr_line' id='line_1_18' title="bbox 209 2035 1374 2120; baseline 0.004 -22"><span class='ocrx_word' id='word_1_139' title='bbox 209 2035 557 2120; x_wconf 77' lang='grc' dir='ltr'><strong><em>κρουνοχυτρολήραιος,</em></strong></span> <span class='ocrx_word' id='word_1_140' title='bbox 570 2036 932 2120; x_wconf 76' lang='grc' dir='ltr'><em>κομποφακελορρήμων</em></span> <span class='ocrx_word' id='word_1_141' title='bbox 943 2038 1069 2120; x_wconf 87' lang='lat' dir='ltr'>aliaque</span> <span class='ocrx_word' id='word_1_142' title='bbox 1082 2039 1255 2102; x_wconf 88' lang='lat' dir='ltr'>secundum</span> <span class='ocrx_word' id='word_1_143' title='bbox 1266 2042 1374 2104; x_wconf 83' lang='lat' dir='ltr'>certae</span> 
     </span>
     <span class='ocr_line' id='line_1_19' title="bbox 208 2143 1373 2227; baseline 0.002 -19"><span class='ocrx_word' id='word_1_144' title='bbox 208 2145 316 2208; x_wconf 87' lang='lat' dir='ltr'>classis</span> <span class='ocrx_word' id='word_1_145' title='bbox 348 2143 432 2224; x_wconf 83' lang='lat' dir='ltr'>leges</span> <span class='ocrx_word' id='word_1_146' title='bbox 463 2144 601 2208; x_wconf 81' lang='lat' dir='ltr'>fonnata</span> <span class='ocrx_word' id='word_1_147' title='bbox 634 2164 701 2209; x_wconf 92' lang='lat' dir='ltr'>esse</span> <span class='ocrx_word' id='word_1_148' title='bbox 732 2164 831 2225; x_wconf 83' lang='lat' dir='ltr'>nego;</span> <span class='ocrx_word' id='word_1_149' title='bbox 859 2165 962 2227; x_wconf 89' lang='lat' dir='ltr'>neque</span> <span class='ocrx_word' id='word_1_150' title='bbox 994 2145 1082 2209; x_wconf 79' lang='lat' dir='ltr'>facile</span> <span class='ocrx_word' id='word_1_151' title='bbox 1111 2146 1186 2210; x_wconf 89' lang='lat' dir='ltr'>talia</span> <span class='ocrx_word' id='word_1_152' title='bbox 1215 2146 1373 2211; x_wconf 88' lang='lat' dir='ltr'>voeabula</span> 
     </span>
     <span class='ocr_line' id='line_1_20' title="bbox 210 2250 1015 2316; baseline -0.002 0"><span class='ocrx_word' id='word_1_153' title='bbox 210 2256 368 2316; x_wconf 86' lang='lat' dir='ltr'>certarum</span> <span class='ocrx_word' id='word_1_154' title='bbox 391 2250 539 2316; x_wconf 88' lang='lat' dir='ltr'>classium</span> <span class='ocrx_word' id='word_1_155' title='bbox 562 2252 703 2315; x_wconf 89' lang='lat' dir='ltr'>terminis</span> <span class='ocrx_word' id='word_1_156' title='bbox 727 2253 1015 2316; x_wconf 86' lang='lat' dir='ltr'>cirumscribuntur.</span> 
     </span>
    </p>

    <p class='ocr_par' dir='ltr' id='par_1_3' title="bbox 195 2359 1373 3720">
     <span class='ocr_line' id='line_1_21' title="bbox 290 2359 1373 2442; baseline 0.001 -20"><span class='ocrx_word' id='word_1_157' title='bbox 290 2359 401 2442; x_wconf 87' lang='lat' dir='ltr'>ltaque</span> <span class='ocrx_word' id='word_1_158' title='bbox 422 2378 494 2423; x_wconf 91' lang='lat' dir='ltr'>cum</span> <span class='ocrx_word' id='word_1_159' title='bbox 516 2378 574 2423; x_wconf 91' lang='lat' dir='ltr'>nos</span> <span class='ocrx_word' id='word_1_160' title='bbox 594 2360 629 2422; x_wconf 92' lang='lat' dir='ltr'>iis</span> <span class='ocrx_word' id='word_1_161' title='bbox 649 2361 767 2437; x_wconf 86' lang='lat' dir='ltr'>causis,</span> <span class='ocrx_word' id='word_1_162' title='bbox 790 2378 870 2441; x_wconf 88' lang='lat' dir='ltr'>quas</span> <span class='ocrx_word' id='word_1_163' title='bbox 893 2378 989 2441; x_wconf 91' lang='lat' dir='ltr'>supra</span> <span class='ocrx_word' id='word_1_164' title='bbox 1011 2359 1260 2441; x_wconf 81' lang='lat' dir='ltr'>explanavimus,</span> <span class='ocrx_word' id='word_1_165' title='bbox 1284 2359 1373 2423; x_wconf 90' lang='lat' dir='ltr'>ducti</span> 
     </span>
     <span class='ocr_line' id='line_1_22' title="bbox 208 2464 1371 2548; baseline 0.002 -20"><span class='ocrx_word' id='word_1_166' title='bbox 208 2467 345 2547; x_wconf 90' lang='lat' dir='ltr'>primam</span> <span class='ocrx_word' id='word_1_167' title='bbox 375 2467 557 2530; x_wconf 90' lang='lat' dir='ltr'>divisionem</span> <span class='ocrx_word' id='word_1_168' title='bbox 587 2467 728 2530; x_wconf 90' lang='lat' dir='ltr'>omnium</span> <span class='ocrx_word' id='word_1_169' title='bbox 756 2468 1004 2548; x_wconf 85' lang='lat' dir='ltr'>compositorum</span> <span class='ocrx_word' id='word_1_170' title='bbox 1034 2466 1210 2529; x_wconf 91' lang='lat' dir='ltr'>seeundum</span> <span class='ocrx_word' id='word_1_171' title='bbox 1232 2464 1371 2530; x_wconf 86' lang='lat' dir='ltr'>formam</span> 
     </span>
     <span class='ocr_line' id='line_1_23' title="bbox 207 2572 1371 2654; baseline 0.002 -19"><span class='ocrx_word' id='word_1_172' title='bbox 207 2573 384 2636; x_wconf 85' lang='lat' dir='ltr'>faciendam</span> <span class='ocrx_word' id='word_1_173' title='bbox 394 2590 460 2636; x_wconf 91' lang='lat' dir='ltr'>esse</span> <span class='ocrx_word' id='word_1_174' title='bbox 470 2573 612 2638; x_wconf 86' lang='lat' dir='ltr'>arbitrati</span> <span class='ocrx_word' id='word_1_175' title='bbox 623 2573 893 2654; x_wconf 90' lang='lat' dir='ltr'>compositionem,</span> <span class='ocrx_word' id='word_1_176' title='bbox 910 2592 1007 2654; x_wconf 89' lang='lat' dir='ltr'>quam</span> <span class='ocrx_word' id='word_1_177' title='bbox 1015 2592 1166 2636; x_wconf 88' lang='lat' dir='ltr'>vocamus</span> <span class='ocrx_word' id='word_1_178' title='bbox 1175 2572 1371 2637; x_wconf 86' lang='lat' dir='ltr'>formalem</span> 
     </span>
     <span class='ocr_line' id='line_1_24' title="bbox 208 2680 1370 2762; baseline 0.001 -19"><span class='ocrx_word' id='word_1_179' title='bbox 208 2698 246 2743; x_wconf 88' lang='lat' dir='ltr'>ac</span> <span class='ocrx_word' id='word_1_180' title='bbox 266 2680 573 2761; x_wconf 87' lang='lat' dir='ltr'>praepositionalem,</span> <span class='ocrx_word' id='word_1_181' title='bbox 596 2699 615 2744; x_wconf 95' lang='grc'><strong>3</strong></span> <span class='ocrx_word' id='word_1_182' title='bbox 630 2681 758 2762; x_wconf 88' lang='lat' dir='ltr'>reliquis</span> <span class='ocrx_word' id='word_1_183' title='bbox 772 2680 937 2744; x_wconf 89' lang='lat' dir='ltr'>seiunctim</span> <span class='ocrx_word' id='word_1_184' title='bbox 951 2681 1202 2756; x_wconf 75' lang='lat' dir='ltr'>tractaverimus</span> <span class='ocrx_word' id='word_1_185' title='bbox 1222 2683 1370 2762; x_wconf 85' lang='lat' dir='ltr'>apparet,</span> 
     </span>
     <span class='ocr_line' id='line_1_25' title="bbox 207 2787 1371 2870; baseline 0.002 -21"><span class='ocrx_word' id='word_1_186' title='bbox 207 2806 280 2850; x_wconf 92' lang='lat' dir='ltr'>eam</span> <span class='ocrx_word' id='word_1_187' title='bbox 302 2787 542 2864; x_wconf 85' lang='lat' dir='ltr'>distinctionem,</span> <span class='ocrx_word' id='word_1_188' title='bbox 567 2806 663 2870; x_wconf 86' lang='lat' dir='ltr'>quam</span> <span class='ocrx_word' id='word_1_189' title='bbox 682 2787 907 2869; x_wconf 84' lang='lat' dir='ltr'>Clemmius**)</span> <span class='ocrx_word' id='word_1_190' title='bbox 927 2789 1008 2851; x_wconf 87' lang='lat' dir='ltr'>inter</span> <span class='ocrx_word' id='word_1_191' title='bbox 1030 2788 1259 2869; x_wconf 88' lang='lat' dir='ltr'>dependentiae</span> <span class='ocrx_word' id='word_1_192' title='bbox 1280 2806 1371 2851; x_wconf 92' lang='lat' dir='ltr'>com-</span> 
     </span>
     <span class='ocr_line' id='line_1_26' title="bbox 206 2893 1371 2976; baseline 0.002 -20"><span class='ocrx_word' id='word_1_193' title='bbox 206 2893 320 2973; x_wconf 88' lang='lat' dir='ltr'>posita,</span> <span class='ocrx_word' id='word_1_194' title='bbox 342 2912 479 2974; x_wconf 88' lang='lat' dir='ltr'>quorum</span> <span class='ocrx_word' id='word_1_195' title='bbox 501 2895 587 2975; x_wconf 89' lang='lat' dir='ltr'>prius</span> <span class='ocrx_word' id='word_1_196' title='bbox 608 2894 791 2958; x_wconf 89' lang='lat' dir='ltr'>membrum</span> <span class='ocrx_word' id='word_1_197' title='bbox 812 2895 1004 2976; x_wconf 85' lang='lat' dir='ltr'>praepositio</span> <span class='ocrx_word' id='word_1_198' title='bbox 1024 2897 1078 2970; x_wconf 90' lang='lat' dir='ltr'>est,</span> <span class='ocrx_word' id='word_1_199' title='bbox 1100 2894 1277 2957; x_wconf 84' lang='lat' dir='ltr'>faciendam</span> <span class='ocrx_word' id='word_1_200' title='bbox 1299 2914 1371 2958; x_wconf 86' lang='lat' dir='ltr'>esse</span> 
     </span>
     <span class='ocr_line' id='line_1_27' title="bbox 206 2999 1370 3083; baseline 0.003 -22"><span class='ocrx_word' id='word_1_201' title='bbox 206 2999 333 3076; x_wconf 89' lang='lat' dir='ltr'>statuit,</span> <span class='ocrx_word' id='word_1_202' title='bbox 357 3000 397 3062; x_wconf 89' lang='lat' dir='ltr'>ad</span> <span class='ocrx_word' id='word_1_203' title='bbox 421 3004 565 3064; x_wconf 92' lang='lat' dir='ltr'>nostram</span> <span class='ocrx_word' id='word_1_204' title='bbox 585 3020 651 3064; x_wconf 91' lang='lat' dir='ltr'>non</span> <span class='ocrx_word' id='word_1_205' title='bbox 671 3005 816 3083; x_wconf 86' lang='lat' dir='ltr'>spectare</span> <span class='ocrx_word' id='word_1_206' title='bbox 837 3001 1039 3077; x_wconf 92' lang='lat' dir='ltr'>divisionem,</span> <span class='ocrx_word' id='word_1_207' title='bbox 1070 3001 1245 3064; x_wconf 89' lang='lat' dir='ltr'>secundum</span> <span class='ocrx_word' id='word_1_208' title='bbox 1267 3020 1370 3082; x_wconf 87' lang='lat' dir='ltr'>quam</span> 
     </span>
     <span class='ocr_line' id='line_1_28' title="bbox 206 3101 1371 3190; baseline 0.003 -22"><span class='ocrx_word' id='word_1_209' title='bbox 206 3105 362 3169; x_wconf 83' lang='lat' dir='ltr'>vocabula</span> <span class='ocrx_word' id='word_1_210' title='bbox 382 3106 489 3188; x_wconf 89' lang='lat' dir='ltr'>qualia</span> <span class='ocrx_word' id='word_1_211' title='bbox 504 3101 644 3186; x_wconf 80' lang='grc' dir='ltr'><em>ἄπεργος</em></span> <span class='ocrx_word' id='word_1_212' title='bbox 663 3126 768 3190; x_wconf 89' lang='lat' dir='ltr'>neque</span> <span class='ocrx_word' id='word_1_213' title='bbox 791 3107 1038 3171; x_wconf 89' lang='lat' dir='ltr'>determinativis</span> <span class='ocrx_word' id='word_1_214' title='bbox 1059 3125 1163 3187; x_wconf 91' lang='lat' dir='ltr'>neque</span> <span class='ocrx_word' id='word_1_215' title='bbox 1178 3107 1371 3172; x_wconf 85' lang='lat' dir='ltr'>attributivis</span> 
     </span>
     <span class='ocr_line' id='line_1_29' title="bbox 205 3212 1370 3296; baseline 0.003 -22"><span class='ocrx_word' id='word_1_216' title='bbox 205 3212 385 3293; x_wconf 84' lang='lat' dir='ltr'>compositis</span> <span class='ocrx_word' id='word_1_217' title='bbox 413 3213 656 3278; x_wconf 87' lang='lat' dir='ltr'>adnumeranda</span> <span class='ocrx_word' id='word_1_218' title='bbox 687 3219 797 3293; x_wconf 90' lang='lat' dir='ltr'>erunt,</span> <span class='ocrx_word' id='word_1_219' title='bbox 831 3216 886 3279; x_wconf 92' lang='lat' dir='ltr'>sed</span> <span class='ocrx_word' id='word_1_220' title='bbox 918 3214 1248 3296; x_wconf 87' lang='lat' dir='ltr'>praepositionalibus;</span> <span class='ocrx_word' id='word_1_221' title='bbox 1283 3232 1370 3296; x_wconf 87' lang='lat' dir='ltr'>quae</span> 
     </span>
     <span class='ocr_line' id='line_1_30' title="bbox 205 3319 1369 3403; baseline 0.004 -23"><span class='ocrx_word' id='word_1_222' title='bbox 205 3336 279 3381; x_wconf 86' lang='lat' dir='ltr'>vero</span> <span class='ocrx_word' id='word_1_223' title='bbox 300 3319 381 3382; x_wconf 84' lang='lat' dir='ltr'>inter</span> <span class='ocrx_word' id='word_1_224' title='bbox 401 3319 481 3384; x_wconf 89' lang='lat' dir='ltr'>haec</span> <span class='ocrx_word' id='word_1_225' title='bbox 502 3320 571 3402; x_wconf 91' lang='lat' dir='ltr'>ipsa</span> <span class='ocrx_word' id='word_1_226' title='bbox 593 3323 768 3403; x_wconf 86' lang='lat' dir='ltr'>composita</span> <span class='ocrx_word' id='word_1_227' title='bbox 791 3321 1048 3403; x_wconf 87' lang='lat' dir='ltr'>propositionalia</span> <span class='ocrx_word' id='word_1_228' title='bbox 1073 3320 1152 3383; x_wconf 91' lang='lat' dir='ltr'>ratio</span> <span class='ocrx_word' id='word_1_229' title='bbox 1179 3321 1369 3399; x_wconf 90' lang='lat' dir='ltr'>intercedat,</span> 
     </span>
     <span class='ocr_line' id='line_1_31' title="bbox 206 3427 1369 3510; baseline 0.004 -22"><span class='ocrx_word' id='word_1_230' title='bbox 206 3443 354 3508; x_wconf 87' lang='lat' dir='ltr'>quaeque</span> <span class='ocrx_word' id='word_1_231' title='bbox 373 3445 482 3490; x_wconf 88' lang='lat' dir='ltr'>eorum</span> <span class='ocrx_word' id='word_1_232' title='bbox 506 3427 619 3491; x_wconf 87' lang='lat' dir='ltr'>classes</span> <span class='ocrx_word' id='word_1_233' title='bbox 640 3429 757 3510; x_wconf 89' lang='lat' dir='ltr'>optime</span> <span class='ocrx_word' id='word_1_234' title='bbox 786 3428 1036 3509; x_wconf 84' lang='lat' dir='ltr'>distinguantur,</span> <span class='ocrx_word' id='word_1_235' title='bbox 1066 3428 1127 3490; x_wconf 91' lang='lat' dir='ltr'>hoc</span> <span class='ocrx_word' id='word_1_236' title='bbox 1156 3428 1188 3491; x_wconf 92' lang='lat' dir='ltr'>in</span> <span class='ocrx_word' id='word_1_237' title='bbox 1217 3428 1252 3490; x_wconf 92' lang='lat' dir='ltr'>iis</span> <span class='ocrx_word' id='word_1_238' title='bbox 1281 3447 1369 3510; x_wconf 91' lang='lat' dir='ltr'>quae</span> 
     </span>
     <span class='ocr_line' id='line_1_32' title="bbox 195 3535 1367 3617; baseline 0.003 -22"><span class='ocrx_word' id='word_1_239' title='bbox 195 3536 381 3614; x_wconf 89' lang='lat' dir='ltr'>sequuntur</span> <span class='ocrx_word' id='word_1_240' title='bbox 414 3535 654 3617; x_wconf 83' lang='lat' dir='ltr'>explicationem</span> <span class='ocrx_word' id='word_1_241' title='bbox 686 3555 778 3598; x_wconf 92' lang='lat' dir='ltr'>suam</span> <span class='ocrx_word' id='word_1_242' title='bbox 810 3535 948 3599; x_wconf 89' lang='lat' dir='ltr'>habebit.</span> <span class='ocrx_word' id='word_1_243' title='bbox 1005 3536 1072 3597; x_wconf 90' lang='lat' dir='ltr'>lam</span> <span class='ocrx_word' id='word_1_244' title='bbox 1106 3535 1145 3597; x_wconf 84' lang='lat' dir='ltr'>ad</span> <span class='ocrx_word' id='word_1_245' title='bbox 1182 3535 1367 3598; x_wconf 88' lang='lat' dir='ltr'>universam</span> 
     </span>
     <span class='ocr_line' id='line_1_33' title="bbox 206 3641 797 3720; baseline 0 -17"><span class='ocrx_word' id='word_1_246' title='bbox 206 3641 463 3720; x_wconf 87' lang='lat' dir='ltr'>compositionem</span> <span class='ocrx_word' id='word_1_247' title='bbox 485 3661 543 3704; x_wconf 88' lang='lat' dir='ltr'>nos</span> <span class='ocrx_word' id='word_1_248' title='bbox 559 3647 797 3705; x_wconf 86' lang='lat' dir='ltr'>convertamus:</span> 
     </span>
    </p>
   </div>
   <div class='ocr_carea' id='block_1_3' title="bbox 288 3895 1169 4055">
    <p class='ocr_par' dir='ltr' id='par_1_4' title="bbox 288 3895 1169 4055">
     <span class='ocr_line' id='line_1_34' title="bbox 302 3895 1043 3966; baseline 0.005 -18"><span class='ocrx_word' id='word_1_249' title='bbox 302 3895 328 3962; x_wconf 75' lang='lat' dir='ltr'>*i</span> <span class='ocrx_word' id='word_1_250' title='bbox 347 3895 399 3948; x_wconf 79' lang='lat' dir='ltr'>oa.</span> <span class='ocrx_word' id='word_1_251' title='bbox 418 3895 500 3947; x_wconf 89' lang='lat' dir='ltr'>huius</span> <span class='ocrx_word' id='word_1_252' title='bbox 518 3896 758 3950; x_wconf 83' lang='lat' dir='ltr'>commentationis</span> <span class='ocrx_word' id='word_1_253' title='bbox 775 3915 838 3966; x_wconf 85' lang='lat' dir='ltr'>pag.</span> <span class='ocrx_word' id='word_1_254' title='bbox 857 3900 873 3949; x_wconf 82' lang='lat'>5</span> <span class='ocrx_word' id='word_1_255' title='bbox 892 3901 920 3951; x_wconf 88' lang='lat' dir='ltr'>et</span> <span class='ocrx_word' id='word_1_256' title='bbox 939 3900 953 3949; x_wconf 85' lang='grc'><strong>7</strong></span> <span class='ocrx_word' id='word_1_257' title='bbox 974 3903 1002 3952; x_wconf 88' lang='lat' dir='ltr'>et</span> <span class='ocrx_word' id='word_1_258' title='bbox 1021 3901 1043 3952; x_wconf 82' lang='lat'>9.</span> 
     </span>
     <span class='ocr_line' id='line_1_35' title="bbox 288 3980 1169 4055; baseline 0.006 -22"><span class='ocrx_word' id='word_1_259' title='bbox 288 3980 362 4051; x_wconf 78' lang='grc'><strong>**)1.</strong></span> <span class='ocrx_word' id='word_1_260' title='bbox 381 3981 398 4035; x_wconf 94' lang='lat' dir='ltr'>l.</span> <span class='ocrx_word' id='word_1_261' title='bbox 418 3982 447 4034; x_wconf 91' lang='lat' dir='ltr'>in</span> <span class='ocrx_word' id='word_1_262' title='bbox 466 3982 555 4036; x_wconf 81' lang='lat' dir='ltr'>Curtii</span> <span class='ocrx_word' id='word_1_263' title='bbox 574 3983 680 4047; x_wconf 86' lang='lat' dir='ltr'>studiis,</span> <span class='ocrx_word' id='word_1_264' title='bbox 700 3983 847 4037; x_wconf 82' lang='lat' dir='ltr'>voluminis</span> <span class='ocrx_word' id='word_1_265' title='bbox 864 3985 973 4053; x_wconf 83' lang='lat' dir='ltr'>septimi</span> <span class='ocrx_word' id='word_1_266' title='bbox 992 4003 1053 4054; x_wconf 81' lang='lat' dir='ltr'>pag.</span> <span class='ocrx_word' id='word_1_267' title='bbox 1074 3986 1105 4037; x_wconf 74' lang='lat'>85</span> <span class='ocrx_word' id='word_1_268' title='bbox 1124 4005 1169 4055; x_wconf 87' lang='lat' dir='ltr'>pp.</span> 
     </span>
    </p>
   </div>
   <div class='ocr_carea' id='block_1_4' title="bbox 0 0 1474 4492">
    <p class='ocr_par' dir='ltr' id='par_1_5' title="bbox 0 0 1474 4492">
     <span class='ocr_line' id='line_1_36' title="bbox 0 0 1474 4492; baseline 0 4"><span class='ocrx_word' id='word_1_269' title='bbox 0 0 1474 4492; x_wconf 95' lang='lat' dir='ltr'> </span> 
     </span>
    </p>
   </div>
  </div>
 </body>
</html>
