2940 4492
707 179 746 245 18

468 355 502 423 b.
543 355 703 424 feminine
724 357 980 425 denominatim.

231 465 257 528 1.
300 464 437 528 Nomina
452 464 594 530 feminini
608 465 740 547 generis,
755 467 870 549 quibus
885 486 1020 550 persona
1031 467 1137 550 aliqua
1151 466 1306 534 feminina

145 576 354 656 moratur:
761 554 765 564 '

196 727 198 731 r
228 683 365 762 κωμῆτις
385 679 410 742 L
430 679 468 754 5;
495 676 671 762 κηρύκαινα
697 679 741 745 Ee
763 680 839 758 713,
871 680 988 762 (ortum
1019 701 1091 747 cum
1112 681 1305 746 feminarum

145 786 329 871 republica),
349 784 465 868 ἡρωίνη
486 785 600 864 Ν316,
621 784 949 868 α’λεκτρύαωαΝὸῢὸ
969 784 1030 851 aa.
1052 788 1093 866 lt,
1115 788 1305 853 femininum

144 895 264 959 comice
285 893 457 957 formatum
479 893 522 958 ad
542 893 753 958 masculinum
775 892 959 977 ἀλεκτρυών
980 894 1046 976 (cfr.
1067 895 1232 979 a'laxcop.)

228 1001 257 1065 Ξ.
300 1001 437 1064 Nomina
458 1001 491 1063 in
514 1003 562 1062 -ῐα
583 1005 615 1066 et
637 1024 669 1084 -η
700 1003 863 1080 exeuntia,
892 1002 1006 1084 quibus
1034 1006 1090 1066 aut
1117 1006 1219 1066 status
1247 1007 1307 1067 aut

144 1108 279 1190 qualitas
316 1107 508 1189 exprimitur.
544 1106 635 1190 (cum
667 1108 761 1171 huius
797 1110 920 1188 generis
955 1109 1136 1174 deverbalia
1173 1111 1307 1175 nomina

143 1234 274 1297 pauca
300 1214 395 1278 Arist.
423 1215 622 1293 formaverit,
657 1214 893 1309 denominativa
923 1217 1117 1299 complura
1147 1217 1304 1297 leguntur.

143 1323 198 1386 cfr.
220 1342 250 1403 p.
274 1322 334 1403 14.)

223 1427 354 1509 α’λιτρία
374 1428 405 1492 A
425 1428 496 1507 907,
518 1427 707 1509 malignitaS,
729 1423 889 1509 (ἄλιτρος)
911 1424 972 1490 ἅπ.
995 1427 1059 1509 λε).

223 1535 375 1598 απαστία
394 1535 424 1599 Ν
442 1536 513 1614 621,
536 1535 576 1599 de
597 1528 749 1608 ἄπαστος
766 1536 921 1601 adiectivo
943 1537 1130 1613 derivatum,
1149 1536 1174 1599 si
1252 1539 1305 1599 cat

141 1663 213 1707 eam
234 1643 318 1708 vitae
339 1642 567 1720 condicionem,
589 1662 655 1724 qua
673 1643 750 1707 nihil
774 1644 906 1707 edimus.
929 1639 988 1706 c‘r'rr.
1010 1643 1073 1723 toy.

225 1749 362 1831 α’ναητία
381 1749 410 1813 fr
431 1749 502 1827 585,
524 1748 738 1832 lexicographi
760 1750 925 1814 stultitiam
947 1752 1204 1832 interpretantur.

222 1853 475 1939 καταπυγοσύνη
503 1857 652 1921 utera:
690 1877 788 1939 quaxn
821 1876 932 1920 vocem
963 1858 1139 1921 obscoenae
1165 1856 1306 1920 notionis

140 1964 317 2029 derivatam
353 1963 393 2027 de
429 1961 626 2044 καταπύγων
660 1963 831 2041 adiectivo,
869 1965 956 2045 quod
983 1965 1107 2046 saepius
1135 1964 1304 2042 invenitur,

142 2074 267 2153 praeter
288 2071 343 2135 Ar.
367 2070 516 2135 Cratinus
538 2090 667 2154 quoque
690 2071 863 2154 usurpavit.

224 2175 313 2240 ἰωαωὲ
335 2177 361 2242 Ρ
383 2178 454 2256 577,
476 2177 633 2243 violarum
656 2177 819 2261 pulvinus:
841 2179 874 2241 in
894 2178 955 2243 hoc
976 2197 1041 2243 uno
1063 2178 1156 2241 huius
1178 2175 1302 2259 generis

139 2287 268 2352 alterius
296 2285 441 2364 nomine,
477 2286 566 2368 quod
595 2286 682 2369 apud
710 2286 887 2369 complures
916 2287 1083 2368 scriptores
1112 2267 1304 2367 posteriores

140 2395 268 2476 legitur,
288 2412 353 2458 non
374 2395 489 2472 status,
520 2394 577 2459 sed
596 2413 645 2459 res
666 2397 830 2471 concreta,
861 2413 943 2476 quae
966 2412 1005 2456 ex
1026 2391 1207 2456 nominibus
1227 2391 1305 2453 sim·

140 2501 273 2583 plicibus
296 2500 471 2582 composita
491 2504 547 2580 est,
569 2504 706 2567 notatur.

221 2607 318 2690 ὑηνία
338 2607 365 2671 Ρ
383 2607 454 2687 928,
476 2627 571 2673 suum
593 2612 699 2691 gestus
720 2609 739 2672 i.
762 2627 788 2672 e.
809 2606 949 2672 stultitia.

219 2717 354 2796 μισητία
367 2714 419 2779 Ar
444 2714 537 2792 16203
561 2714 655 2780 huius
677 2716 773 2792 vocis,
796 2733 894 2796 quam
912 2713 995 2776 solus
1010 2712 1064 2775 Ar.
1079 2712 1186 2790 babet,
1206 2711 1305 2793 signi-

140 2822 246 2887 ficatio
268 2825 355 2886 certa
375 2840 440 2886 non
462 2826 525 2898 est3
547 2824 680 2887 vertitur
702 2822 785 2886 enirn
801 2826 857 2885 aut
879 2821 1063 2885 »libidinosa
1085 2820 1303 2884 obscoenitas‹

142 2933 198 2994 aut
215 2928 350 3010 »cupido
364 2928 555 3011 possidendi,
576 2929 740 3004 avaritiam
759 2926 894 3011 μισηπός
910 2931 1018 2992 autem
1033 2930 1162 2991 estant:
1183 2926 1305 2991 invisus

138 3039 208 3101 aut:
232 3037 416 3101 obscoenus.

219 3142 402 3225 αἰκερματία
423 3143 452 3209 fr
466 3145 534 3222 119,
555 3142 730 3208 seeundum
751 3143 888 3207 Pollucis
911 3140 960 3222 (9,
982 3140 1039 3223 89)
1061 3138 1305 3222 explicationem

139 3269 177 3315 ea
197 3251 281 3314 vitae
303 3250 444 3315 condicio
463 3255 525 3329 est,
551 3270 617 3333 qua
646 3251 716 3332 quis
745 3250 787 3314 ad
815 3249 967 3330 pecuniae
993 3247 1134 3328 inopiam
1154 3245 1306 3310 redactus

138 3360 193 3433 est,
215 3357 233 3420 i.
254 3377 280 3420 e.
304 3376 405 3439 quum
429 3377 470 3420 ne
492 3365 595 3438 κέρμα
617 3357 747 3440 quidem
768 3356 895 3419 habeat.
920 3350 980 3415 ἅπ.
1003 3353 1065 3433 λε).

221 3462 445 3544 εκῖρυπρωκτία
456 3465 565 3542 A843,
581 3467 673 3528 notat
687 3465 753 3529 eius
765 3466 925 3539 naturam,
940 3463 994 3544 qui
1008 3464 1055 3526 est
1070 3456 1305 3541 εὐρύπρωκτος.

217 3570 350 3652 capello
371 3570 410 3651 (fr
428 3568 458 3651 1)
479 3571 659 3636 declaratur
679 3591 699 3634 a
721 3570 837 3634 Photio
857 3569 940 3650 (528,
964 3567 1029 3649 15):
1048 3566 1164 3650 σκῶμά
1179 3590 1210 3630 ω
1232 3568 1305 3630 ἑπι-

135 3674 289 3759 χωριάζον
304 3674 348 3749 εἰς
370 3677 446 3750 τούς
473 3690 623 3758 γέροντας
639 3676 732 3760 παρα
755 3675 814 3759 τήν
837 3675 944 3756 σορὸν.
980 3675 1146 3739 Derivatur
1166 3675 1306 3762 σορέλῂη

137 3784 176 3848 de
184 3779 288 3865 σορός.
318 3783 413 3865 δηλοῖ
424 3783 490 3868 citri
498 3784 653 3866 σορόςκαὶ
668 3782 753 3867 auct}
768 3781 942 3866 κατάὐτήν
957 3790 1090 3864 γέροντα
1103 3784 1304 3857 exoneratos.

136 3890 218 3955 Hinc
240 3892 456 3957 coniecturam
477 3892 579 3970 facio,
607 3892 695 3956 illam
724 3891 995 3969 terminationem,
1025 3895 1176 3973 quaeest
1201 3889 1305 3975 clip,

138 3997 214 4063 nihil
236 4017 302 4064 esse
324 3998 382 4062 nisi
396 3998 683 4082 amplificationem,
706 3998 837 4063 fortasse
853 3997 1091 4075 deminutivam,
1112 4017 1177 4065 non
1190 4003 1306 4065 autem
