2940 4492
557 503 721 602 Liber
759 502 919 621 prior

685 697 734 766 qui
752 697 794 752 eu

380 849 436 910 de
459 849 729 911 formatione
753 845 1095 924 Aristophaneo.

664 1024 808 1036 ιι-ῌ-ὴι

240 1142 398 1220 Quoniam
420 1146 593 1211 inteream
614 1147 697 1209 viam
721 1165 759 1209 ac
780 1144 945 1223 rationem,
967 1161 1066 1225 quarn
1086 1140 1315 1223 Aristophanes

154 1250 187 1312 in
211 1250 388 1315 derivandis
409 1253 569 1317 vocabulis
590 1256 622 1316 et
641 1252 817 1316 formandis
837 1251 928 1315 novis
951 1248 1105 1326 adhibuit,
1126 1252 1157 1313 et
1178 1249 1313 1313 aliorum

154 1343 344 1440 scriptorum
381 1358 574 1423 Graecorum
610 1360 749 1423 rationes
784 1377 889 1440 neque
923 1356 1024 1421 multa
1059 1375 1163 1437 neque
1196 1375 1314 1436 magna

157 1464 357 1529 intercedunt
379 1465 568 1542 discrimina,
591 1485 694 1547 pauca
716 1465 755 1528 de
772 1465 960 1528 formatione
974 1464 1067 1526 erunt
1081 1463 1113 1524 in
1129 1462 1314 1526 universum

155 1570 298 1634 dicenda.
343 1571 421 1635 lllud
445 1576 569 1651 autem,
592 1573 679 1654 quod
702 1572 872 1635 adnotetur
893 1574 924 1634 et
943 1569 1158 1645 confirmetur,
1181 1568 1313 1650 dignum

155 1678 279 1741 videtur
301 1698 378 1755 esse,
401 1679 497 1760 quod,
517 1698 713 1761 quamquam
734 1680 803 1760 ipsa
818 1676 978 1741 formandi
992 1677 1114 1740 ratione
1129 1695 1195 1740 non
1210 1675 1314 1739 diflert

153 1783 196 1846 ab
228 1783 312 1861 aliis,
345 1789 454 1850 tamen
484 1787 574 1868 copia
606 1788 637 1850 et
669 1805 801 1849 numero
833 1783 1065 1866 Aristophanes
1088 1803 1198 1848 omnes
1220 1784 1312 1866 longe

153 1895 296 1971 superat:
319 1912 415 1974 quem
435 1894 459 1956 si
475 1913 549 1957 cum
561 1895 606 1972 iis,
620 1895 675 1976 qui
694 1897 768 1956 ante
784 1911 857 1956 cum
871 1892 1061 1968 scribebant,
1077 1909 1311 1972 comparamus,

154 1995 254 2060 multo
278 2000 429 2062 maiorem
448 1999 489 2062 ab
511 2020 552 2085 eo·
570 2001 694 2081 copiam
716 2017 874 2063 novorum
896 1998 1134 2075 vocabulorum,
1157 2017 1255 2080 quarn
1270 1998 1312 2062 ab

153 2101 216 2166 ullo
244 2104 305 2167 alio
327 2109 455 2170 auctore
484 2110 539 2170 aut
561 2111 656 2189 poeta
671 2107 820 2170 »sermoni
843 2106 963 2170 Graeco
985 2105 1106 2168 illatam
1127 2124 1194 2168 esse
1221 2105 1313 2168 intel-

152 2210 286 2292 legimus
308 2231 412 2293 neque
434 2231 537 2294 pauca
558 2214 623 2275 eius
646 2213 782 2292 generis,
805 2231 887 2294 quae
908 2211 958 2275 ille
979 2212 1021 2276 ad
1043 2211 1149 2274 iocum
1172 2209 1312 2292 aliquem

153 2319 395 2401 exprimendum
416 2319 462 2382 vel
486 2319 526 2382 ad
548 2320 736 2383 sententiam
757 2319 910 2382 ludicram
934 2317 1131 2383 efficiendam
1154 2317 1311 2382 formavit.

151 2422 259 2489 locum
293 2431 401 2490 autem
431 2431 461 2490 et
490 2427 594 2490 lusum
623 2427 796 2508 plurimum
825 2427 930 2489 valere
959 2429 990 2488 et
1010 2425 1074 2488 late
1095 2429 1204 2507 patere
1225 2428 1311 2508 apud

152 2537 261 2616 poetas
284 2535 421 2597 comicos
444 2534 514 2614 quis
536 2553 600 2597 non
621 2534 721 2608 videt;
740 2534 828 2597 cuius
850 2532 1025 2613 compluria
1040 2551 1157 2613 genera
1171 2533 1204 2596 in
1216 2533 1311 2598 huius

151 2639 373 2722 Aristophanis
413 2641 583 2704 comoediis
620 2640 781 2704 observari
817 2659 908 2722 posse
943 2659 1044 2721 nuper
1082 2641 1313 2705 demonstravit

152 2746 186 2811 C.
210 2745 451 2829 Holzinger*)
474 2749 528 2830 qui
550 2747 651 2810 multa
673 2747 826 2811 eiusmodi
850 2745 994 2828 exempla
1016 2745 1149 2827 collegit.
1191 2748 1226 2810 ln
1249 2749 1311 2812 hoc

150 2853 256 2918 libello
277 2873 475 2936 quamquam
498 2856 599 2918 multa
620 2856 702 2919 hene
725 2855 865 2936 exposita
886 2856 976 2931 sunt,
998 2857 1108 2918 tamen
1130 2855 1258 2936 singulis
1278 2856 1311 2918 in
1357 2933 1359 2936 .

150 2961 247 3025 rebus
269 2961 350 3026 illius
371 2963 428 3026 viri
453 2962 601 3026 iudicium
623 2982 660 3026 ac
682 2963 856 3027 sententiae
886 2980 952 3026 non
980 2981 1108 3043 prorsus
1128 2981 1224 3026 verae
1245 2983 1312 3027 esse

151 3069 229 3131 mihi
251 3070 379 3151 quidem
401 3069 566 3133 ridentur:
596 3089 672 3133 narn
702 3070 842 3151 primurn
869 3067 1041 3150 genera**)
1072 3069 1168 3132 »risus
1191 3070 1226 3130 ἐκ
1245 3071 1311 3132 τῶν

152 3175 352 3257 πραγμάτων
373 3176 568 3254 exorientis«,
595 3195 690 3258 quern
714 3177 838 3240 vocavit
859 3175 926 3253 ille,
962 3174 1092 3238 omnino
1114 3175 1310 3256 seiungenda

152 3303 219 3346 esse
251 3286 344 3363 putu,
377 3282 403 3345 si
437 3284 507 3364 quis
539 3284 571 3346 in
602 3286 714 3365 poetae
744 3301 922 3346 sermonem
954 3300 992 3345 ac
1023 3281 1122 3345 verba
1154 3281 1310 3363 inquirere

153 3389 295 3453 animum
303 3388 436 3467 induxit,
451 3390 564 3453 deinde
572 3390 603 3452 id
615 3391 703 3453 lusus
711 3408 820 3471 genae,
835 3388 921 3472 quod
929 3388 1115 3452 scholiastae
1125 3386 1310 3470 »παρ’ὑπό-

153 3493 313 3577 νοιαν***)
330 3494 491 3559 adhiheri«
512 3495 630 3573 dicunt,
644 3494 736 3559 latius
750 3494 827 3558 mihi
843 3494 972 3576 quidem
987 3495 1073 3577 apud
1088 3494 1174 3559 hunc
1181 3498 1310 3577 poetam

152 3676 345 3689 ...ιη-Ω-

259 3788 273 3818 *
304 3789 343 3841 De
361 3787 504 3842 verborum
524 3787 586 3840 lusu
605 3805 647 3856 ap.
668 3786 888 3856 Aristophanem.
908 3784 1026 3840 Vindob.
1046 3786 1119 3841 1876.

248 3874 288 3944 **)
307 3874 360 3927 cfr.
379 3875 397 3927 l.
416 3874 434 3926 l.
452 3892 478 3942 p.
497 3873 541 3926 4.·

227 3961 279 4030 ***)
298 3960 352 4014 cfr.
369 3961 387 4014 l.
406 3961 424 4013 l.
443 3979 469 4030 p.
487 3961 502 4012 9
519 3977 566 4028 pp.
