2940 4492
674 154 715 217 55

115 332 236 394 stratae
257 329 355 412 eunt.)
414 331 573 408 Quoniam
611 331 784 396 faciliorem
820 330 1059 412 explicationem
1098 329 1280 394 huiusmodi

115 437 283 501 nominum
304 457 369 501 non
393 438 541 516 habeam,
564 437 816 501 commonefacio
838 457 893 500 vos
915 437 993 500 de
975 458 1021 514 ns,
1042 456 1124 519 quae
1145 436 1277 517 supra*)

116 543 156 606 de
177 544 348 621 verborum
369 565 443 608 cum
465 545 698 626 praepositione
721 545 967 625 compositorum
991 563 1105 624 genere
1126 544 1219 607 tertio
1243 543 1274 606 in

115 650 254 713 medium
276 653 479 732 protulimus:
501 671 577 715 nam
599 653 640 715 ibi
663 671 792 733 quoque
813 651 1035 733 praepositioni
1059 649 1187 731 plenam
1209 651 1274 712 vim

114 757 215 819 inesse
253 758 541 822 demonstravimus
573 758 678 838 (velut
711 780 813 818 κατα·
821 760 997 836 corrodite]
1033 757 1274 838 explicavimus:

114 861 329 944 καταβάλλειν
349 887 394 925 τω
381 864 587 946 acaccipiet)

196 969 265 1032 ‹bd-
267 971 358 1044 λιθος
390 971 418 1035 lr
446 972 520 1050 309,
560 971 784 1035 adamantibus
816 971 902 1035 omni
937 990 976 1034 ex
1007 975 1097 1052 parte
1133 974 1274 1034 ornatus.

113 1071 282 1156 ἄπ-ιχθυς
303 1079 331 1142 ir
352 1078 481 1160 lamb,
509 1080 562 1161 qui
592 1079 728 1143 abstinet
755 1079 902 1160 piscibus;
931 1075 1152 1156 κατα-πύγων
1173 1078 1202 1141 A
1225 1078 1273 1155 79,

113 1184 336 1267 δι-ειπέρευμα
355 1186 384 1250 Ν
407 1186 475 1265 166,
497 1185 667 1248 ἄντι-λέων
688 1185 713 1249 Ε
731 1184 818 1249 1044.

194 1341 359 1405 Postremo
381 1342 449 1406 loco
471 1341 618 1406 addimus
640 1342 795 1405 nomina
815 1341 970 1405 nonnulla
984 1339 1273 1422 praepositionalia‚

112 1466 273 1528 quorum
286 1450 390 1513 notio
408 1453 474 1513 aut
489 1449 630 1513 comica
647 1449 714 1512 aut
729 1468 802 1512 non
819 1467 977 1530 prorsus
995 1447 1193 1527 perspicua
1209 1449 1274 1509 est.

193 1555 414 1635 μετά-βουλος
442 1557 473 1619 A
493 1555 553 1620 639
584 1552 644 1618 dn.
664 1555 738 1636 λεγ,
770 1556 824 1637 qui
857 1557 960 1619 mutat
991 1552 1154 1617 consilium
1185 1552 1272 1634 quod

111 1662 211 1742 cepit:
238 1681 337 1744 quam
358 1681 469 1725 vocem
489 1663 653 1744 usurpavit
674 1662 904 1743 Aristophanes
925 1661 986 1724 hoc
1007 1661 1091 1736 loco,
1118 1663 1152 1723 ut
1175 1679 1273 1740 agno-

109 1768 242 1831 minatio
259 1767 419 1849 quaedam
433 1769 490 1832 fiat
504 1769 546 1832 ad
561 1769 601 1847 id,
617 1768 703 1850 quod
717 1767 890 1850 praecedit:
906 1764 1131 1848 coxo-florileg
1145 1771 1270 1830 ulrum-

109 1892 172 1954 que
195 1877 302 1937 autem
324 1874 514 1938 adiectivum
531 1877 571 1939 de
592 1874 837 1940 Atheniensibus
859 1875 1038 1938 adhibitum
1059 1877 1114 1938 est.

193 1981 413 2062 περι-βαρίδες
433 1983 458 2044 L
475 1983 531 2058 453
557 1981 752 2063 significatur
772 2001 871 2063 genus
893 1978 1056 2064 quoddam
1080 1982 1271 2045 seminarum

109 2085 315 2151 calceamenti
345 2092 415 2150 tum
446 2089 599 2170 temporis
632 2090 764 2153 fortasse
796 2089 914 2153 usitati:
947 2089 1033 2171 quod
1066 2107 1183 2151 nomen
1214 2088 1270 2151 etsi

108 2192 196 2274 apud
225 2194 473 2276 Aristophanem
493 2197 632 2278 primum
657 2196 787 2278 legitur,
815 2199 924 2261 tamen
951 2196 1013 2258 iam
1040 2197 1125 2277 prius
1151 2196 1184 2258 in
1210 2214 1270 2258 usu

107 2301 233 2365 videtur
256 2302 360 2366 luisse.
398 2301 456 2366 Cui
473 2323 556 2384 quae
575 2303 662 2367 notio
683 2303 764 2381 insit,
786 2320 852 2367 non
873 2300 1036 2385 perspicio,
1058 2301 1163 2384 (βᾶρις
1179 2304 1283 2371 notat⁴

107 2407 251 2490 lintrem)
283 2429 357 2473 cum
388 2429 492 2492 neque
521 2413 614 2492 βᾶρις
646 2430 749 2493 neque
783 2414 863 2493 περί
890 2409 985 2474 calcei
1015 2410 1080 2472 vim
1111 2408 1267 2472 exhibeat.

107 2512 412 2598 ὑπερ-εξηκοντέτης
432 2516 475 2580 Ec
496 2516 567 2582 989.

189 2694 225 2758 Il.
258 2697 364 2778 Atque
385 2697 465 2761 haec
489 2696 618 2778 quidem
639 2697 793 2760 hactenus
811 2697 850 2760 de
866 2697 1044 2779 compositis
1064 2695 1269 2777 praepositio·

106 2802 246 2880 nalibus‚
284 2822 367 2885 quae
399 2802 628 2885 Aristophanes
664 2803 768 2867 intulit
806 2805 953 2868 sermoni.
1008 2804 1143 2867 Restant
1175 2802 1269 2865 huius

107 2909 212 2972 classis
234 2908 282 2991 (Β)
306 2930 343 2974 ea
364 2911 519 2975 vocabula
540 2912 776 2993 pertractanda,
795 2931 892 2994 quae
912 2913 1096 2974 constant
1117 2910 1268 2973 nomine

106 3017 165 3080 vel
187 3019 303 3081 verbo
325 3019 540 3100 composito
562 3037 645 3081 curn
669 3038 760 3083 voce
782 3018 951 3094 formali,
979 3035 1076 3098 quae
1107 3036 1184 3079 non
1213 3019 1269 3080 est

106 3125 360 3205 praepositi0‚
389 3124 446 3187 sed
475 3125 662 3189 adverbium
683 3125 732 3188 vel
753 3127 866 3190 vocula
887 3125 1027 3189 adverbii
1048 3124 1112 3186 vim
1135 3123 1266 3186 habens

190 3299 219 3342 a.
241 3280 288 3343 Ac
303 3280 418 3344 verba
434 3280 563 3361 quidem
572 3281 666 3345 huius
676 3282 797 3362 generis
807 3282 871 3344 duo
885 3284 994 3344 extant
1003 3281 1044 3344 ab
1053 3280 1268 3361 Aristophane

107 3387 209 3466 primo
232 3391 403 3468 usurpata:

188 3491 339 3574 εὕ-χροέω
362 3494 386 3556 L
406 3494 447 3556 80
468 3497 499 3557 cl
525 3493 687 3556 δι-κωπέω
708 3493 750 3557 Ec
774 3495 862 3558 1091.

187 3600 218 3663 b.
260 3600 486 3682 Frequentiora
520 3605 595 3664 sunt
627 3601 782 3665 adiectiva
820 3601 912 3664 huius
948 3601 1082 3680 generis
1124 3621 1264 3683 quorum
1375 3598 1377 3603 ’

191 3709 217 3770 1.
259 3708 400 3771 Plurima
426 3709 530 3789 priore
561 3709 706 3772 membro
728 3732 765 3784 α,
794 3708 880 3790 quod
905 3711 1037 3770 vocatur
1064 3708 1263 3787 privativum,

204 3901 228 3969 ¹⁶)
249 3901 302 3955 cfr.
321 3902 403 3955 huius
423 3905 598 3958 commentat.
620 3921 682 3972 pag.
703 3902 744 3955 49.
764 3920 809 3972 pp.

189 3988 229 4056 ¹⁵¹⁶)
247 3987 300 4043 cfr.
316 3989 449 4042 Dindorfii
467 3991 574 4044 adnott.
592 3990 628 4042 ad
646 3989 719 4041 huno
738 3988 835 4043 locum.
