<?xml version="1.0" encoding="UTF-8"?>
<!DOCTYPE html PUBLIC "-//W3C//DTD XHTML 1.0 Transitional//EN"
    "http://www.w3.org/TR/xhtml1/DTD/xhtml1-transitional.dtd">
<html xmlns="http://www.w3.org/1999/xhtml" xml:lang="en" lang="en">
 <head>
  <title>
</title>
<meta http-equiv="Content-Type" content="text/html;charset=utf-8" />
  <meta name='ocr-system' content='tesseract 3.04.00' />
  <meta name='ocr-capabilities' content='ocr_page ocr_carea ocr_par ocr_line ocrx_word'/>
</head>
<body>
  <div class='ocr_page' id='page_1' title='image "./dearistophanisc00uckegoog_0088.png"; bbox 0 0 2940 4492; ppageno 0'>
   <div class='ocr_carea' id='block_1_1' title="bbox 723 232 763 296">
    <p class='ocr_par' dir='ltr' id='par_1_1' title="bbox 723 232 763 296">
     <span class='ocr_line' id='line_1_1' title="bbox 723 232 763 296; baseline 0 0"><span class='ocrx_word' id='word_1_1' title='bbox 723 232 763 296; x_wconf 87' lang='lat'>75</span> 
     </span>
    </p>
   </div>
   <div class='ocr_carea' id='block_1_2' title="bbox 157 407 1317 1135">
    <p class='ocr_par' dir='ltr' id='par_1_2' title="bbox 161 407 1316 600">
     <span class='ocr_line' id='line_1_2' title="bbox 161 407 1316 495; baseline -0.002 -19"><span class='ocrx_word' id='word_1_2' title='bbox 161 411 248 495; x_wconf 87' lang='lat' dir='ltr'>quod</span> <span class='ocrx_word' id='word_1_3' title='bbox 270 412 487 494; x_wconf 86' lang='lat' dir='ltr'>expectamus,</span> <span class='ocrx_word' id='word_1_4' title='bbox 510 408 712 490; x_wconf 76' lang='grc' dir='ltr'><strong><em>μελλονικιᾶν</em></strong></span> <span class='ocrx_word' id='word_1_5' title='bbox 732 408 877 492; x_wconf 89' lang='lat' dir='ltr'>ponitur,</span> <span class='ocrx_word' id='word_1_6' title='bbox 899 411 935 473; x_wconf 92' lang='lat' dir='ltr'>ut</span> <span class='ocrx_word' id='word_1_7' title='bbox 955 407 1058 473; x_wconf 85' lang='lat' dir='ltr'>Nicias</span> <span class='ocrx_word' id='word_1_8' title='bbox 1079 410 1245 474; x_wconf 80' lang='lat' dir='ltr'>cunctator</span> <span class='ocrx_word' id='word_1_9' title='bbox 1265 407 1316 475; x_wconf 91' lang='lat' dir='ltr'>ille</span> 
     </span>
     <span class='ocr_line' id='line_1_3' title="bbox 162 515 503 600; baseline 0.006 -20"><span class='ocrx_word' id='word_1_10' title='bbox 162 515 321 600; x_wconf 75' lang='grc' dir='ltr'>(μέλλων)</span> <span class='ocrx_word' id='word_1_11' title='bbox 343 517 503 582; x_wconf 80' lang='lat' dir='ltr'><strong>illudatur.</strong></span> 
     </span>
    </p>

    <p class='ocr_par' dir='ltr' id='par_1_3' title="bbox 159 622 1317 907">
     <span class='ocr_line' id='line_1_4' title="bbox 242 622 1317 708; baseline 0 -20"><span class='ocrx_word' id='word_1_12' title='bbox 242 623 348 708; x_wconf 89' lang='lat' dir='ltr'>Atque</span> <span class='ocrx_word' id='word_1_13' title='bbox 355 645 454 708; x_wconf 88' lang='lat' dir='ltr'>quum</span> <span class='ocrx_word' id='word_1_14' title='bbox 469 645 518 703; x_wconf 84' lang='lat' dir='ltr'>ea,</span> <span class='ocrx_word' id='word_1_15' title='bbox 532 644 615 708; x_wconf 88' lang='lat' dir='ltr'>quae</span> <span class='ocrx_word' id='word_1_16' title='bbox 628 623 964 702; x_wconf 90' lang='lat' dir='ltr'>hactenusattulimus‚</span> <span class='ocrx_word' id='word_1_17' title='bbox 979 623 1155 706; x_wconf 89' lang='lat' dir='ltr'>composita</span> <span class='ocrx_word' id='word_1_18' title='bbox 1162 622 1317 705; x_wconf 81' lang='lat' dir='ltr'>asigmata</span> 
     </span>
     <span class='ocr_line' id='line_1_5' title="bbox 159 728 1316 815; baseline -0.001 -20"><span class='ocrx_word' id='word_1_19' title='bbox 159 732 333 812; x_wconf 89' lang='lat' dir='ltr'>praesentis</span> <span class='ocrx_word' id='word_1_20' title='bbox 361 733 491 815; x_wconf 77' lang='lat' dir='ltr'><strong>stirpem</strong></span> <span class='ocrx_word' id='word_1_21' title='bbox 520 732 691 797; x_wconf 78' lang='lat' dir='ltr'>exhibeant</span> <span class='ocrx_word' id='word_1_22' title='bbox 718 731 751 796; x_wconf 93' lang='lat' dir='ltr'>in</span> <span class='ocrx_word' id='word_1_23' title='bbox 773 731 876 814; x_wconf 90' lang='lat' dir='ltr'>priore</span> <span class='ocrx_word' id='word_1_24' title='bbox 898 731 1061 810; x_wconf 91' lang='lat' dir='ltr'>membro,</span> <span class='ocrx_word' id='word_1_25' title='bbox 1082 749 1183 795; x_wconf 91' lang='lat' dir='ltr'>unum</span> <span class='ocrx_word' id='word_1_26' title='bbox 1204 728 1316 813; x_wconf 80' lang='lat' dir='ltr'>legitur</span> 
     </span>
     <span class='ocr_line' id='line_1_6' title="bbox 160 837 309 907; baseline 0 -5"><span class='ocrx_word' id='word_1_27' title='bbox 160 837 309 907; x_wconf 86' lang='lat' dir='ltr'>verbum:</span> 
     </span>
    </p>

    <p class='ocr_par' dir='ltr' id='par_1_4' title="bbox 157 942 1316 1135">
     <span class='ocr_line' id='line_1_7' title="bbox 244 942 1316 1026; baseline 0.002 -19"><span class='ocrx_word' id='word_1_28' title='bbox 244 945 508 1026; x_wconf 74' lang='grc' dir='ltr'><strong><em>ῥαθα-πυγίζωΕ</em></strong></span> <span class='ocrx_word' id='word_1_29' title='bbox 530 947 599 1022; x_wconf 87' lang='grc'>796,</span> <span class='ocrx_word' id='word_1_30' title='bbox 621 946 710 1010; x_wconf 90' lang='lat' dir='ltr'>cuius</span> <span class='ocrx_word' id='word_1_31' title='bbox 731 946 819 1026; x_wconf 91' lang='lat' dir='ltr'>prius</span> <span class='ocrx_word' id='word_1_32' title='bbox 840 944 1022 1008; x_wconf 85' lang='lat' dir='ltr'>membrum</span> <span class='ocrx_word' id='word_1_33' title='bbox 1042 942 1082 1008; x_wconf 90' lang='lat' dir='ltr'>de</span> <span class='ocrx_word' id='word_1_34' title='bbox 1102 942 1217 1024; x_wconf 80' lang='grc' dir='ltr'><em>ροἒσσω</em></span> <span class='ocrx_word' id='word_1_35' title='bbox 1229 944 1316 1009; x_wconf 86' lang='lat' dir='ltr'>verbi</span> 
     </span>
     <span class='ocr_line' id='line_1_8' title="bbox 157 1051 1316 1135; baseline 0.001 -20"><span class='ocrx_word' id='word_1_36' title='bbox 157 1051 256 1134; x_wconf 81' lang='lat' dir='ltr'>stirpe</span> <span class='ocrx_word' id='word_1_37' title='bbox 277 1072 357 1135; x_wconf 89' lang='lat' dir='ltr'>pura</span> <span class='ocrx_word' id='word_1_38' title='bbox 378 1052 414 1132; x_wconf 81' lang='lat' dir='ltr'>(i.</span> <span class='ocrx_word' id='word_1_39' title='bbox 436 1073 463 1116; x_wconf 90' lang='lat' dir='ltr'>e.</span> <span class='ocrx_word' id='word_1_40' title='bbox 483 1051 646 1133; x_wconf 86' lang='lat' dir='ltr'>aoristica)</span> <span class='ocrx_word' id='word_1_41' title='bbox 665 1052 836 1116; x_wconf 91' lang='lat' dir='ltr'>deductum</span> <span class='ocrx_word' id='word_1_42' title='bbox 857 1054 918 1126; x_wconf 87' lang='lat' dir='ltr'>est;</span> <span class='ocrx_word' id='word_1_43' title='bbox 942 1051 993 1116; x_wconf 89' lang='lat' dir='ltr'>cui</span> <span class='ocrx_word' id='word_1_44' title='bbox 1013 1051 1110 1115; x_wconf 87' lang='lat' dir='ltr'>verbo</span> <span class='ocrx_word' id='word_1_45' title='bbox 1130 1051 1316 1133; x_wconf 83' lang='lat' dir='ltr'>significatio</span> 
     </span>
    </p>
   </div>
   <div class='ocr_carea' id='block_1_3' title="bbox 157 1157 1435 1249">
    <p class='ocr_par' dir='ltr' id='par_1_5' title="bbox 157 1157 1435 1249">
     <span class='ocr_line' id='line_1_9' title="bbox 157 1157 1435 1249; baseline -0.005 -27"><span class='ocrx_word' id='word_1_46' title='bbox 157 1159 282 1223; x_wconf 87' lang='lat' dir='ltr'>subest:</span> <span class='ocrx_word' id='word_1_47' title='bbox 304 1159 434 1225; x_wconf 87' lang='lat' dir='ltr'>alicuius</span> <span class='ocrx_word' id='word_1_48' title='bbox 453 1161 599 1242; x_wconf 84' lang='lat' dir='ltr'>podicem</span> <span class='ocrx_word' id='word_1_49' title='bbox 619 1160 731 1242; x_wconf 87' lang='lat' dir='ltr'>planta</span> <span class='ocrx_word' id='word_1_50' title='bbox 752 1157 829 1240; x_wconf 84' lang='lat' dir='ltr'>(lata</span> <span class='ocrx_word' id='word_1_51' title='bbox 851 1158 962 1237; x_wconf 83' lang='lat' dir='ltr'>manu)</span> <span class='ocrx_word' id='word_1_52' title='bbox 984 1158 1077 1249; x_wconf 88' lang='lat' dir='ltr'>icere,</span> <span class='ocrx_word' id='word_1_53' title='bbox 1099 1157 1207 1222; x_wconf 85' lang='lat' dir='ltr'>ferire:</span> <span class='ocrx_word' id='word_1_54' title='bbox 1229 1158 1316 1241; x_wconf 85' lang='lat' dir='ltr'>quod</span> <span class='ocrx_word' id='word_1_55' title='bbox 1431 1206 1435 1215; x_wconf 95' lang='lat'><em>.</em></span> 
     </span>
    </p>
   </div>
   <div class='ocr_carea' id='block_1_4' title="bbox 157 1265 843 1332">
    <p class='ocr_par' dir='ltr' id='par_1_6' title="bbox 157 1265 843 1332">
     <span class='ocr_line' id='line_1_10' title="bbox 157 1265 843 1332; baseline -0.003 -3"><span class='ocrx_word' id='word_1_56' title='bbox 157 1265 294 1330; x_wconf 81' lang='lat' dir='ltr'>verbum</span> <span class='ocrx_word' id='word_1_57' title='bbox 316 1285 336 1330; x_wconf 91' lang='lat' dir='ltr'>a</span> <span class='ocrx_word' id='word_1_58' title='bbox 356 1265 454 1332; x_wconf 89' lang='lat' dir='ltr'>Suida</span> <span class='ocrx_word' id='word_1_59' title='bbox 475 1270 506 1330; x_wconf 88' lang='lat' dir='ltr'>el</span> <span class='ocrx_word' id='word_1_60' title='bbox 526 1266 698 1330; x_wconf 85' lang='lat' dir='ltr'>Thomasio</span> <span class='ocrx_word' id='word_1_61' title='bbox 719 1266 843 1330; x_wconf 84' lang='lat' dir='ltr'>citatur.</span> 
     </span>
    </p>
   </div>
   <div class='ocr_carea' id='block_1_5' title="bbox 152 1419 1349 3964">
    <p class='ocr_par' dir='ltr' id='par_1_7' title="bbox 156 1419 1349 1717">
     <span class='ocr_line' id='line_1_11' title="bbox 239 1419 1316 1502; baseline -0.002 -15"><span class='ocrx_word' id='word_1_62' title='bbox 239 1425 270 1502; x_wconf 76' lang='grc' dir='ltr'>β.</span> <span class='ocrx_word' id='word_1_63' title='bbox 312 1422 423 1487; x_wconf 90' lang='lat' dir='ltr'>Altero</span> <span class='ocrx_word' id='word_1_64' title='bbox 439 1426 547 1487; x_wconf 85' lang='lat' dir='ltr'>autem</span> <span class='ocrx_word' id='word_1_65' title='bbox 561 1423 630 1487; x_wconf 87' lang='lat' dir='ltr'>loco</span> <span class='ocrx_word' id='word_1_66' title='bbox 644 1421 814 1486; x_wconf 82' lang='lat' dir='ltr'>tractanda</span> <span class='ocrx_word' id='word_1_67' title='bbox 828 1422 903 1484; x_wconf 90' lang='lat' dir='ltr'>sunt</span> <span class='ocrx_word' id='word_1_68' title='bbox 915 1420 1092 1502; x_wconf 89' lang='lat' dir='ltr'>composita</span> <span class='ocrx_word' id='word_1_69' title='bbox 1106 1419 1241 1484; x_wconf 91' lang='lat' dir='ltr'>obiect</span> <span class='ocrx_word' id='word_1_70' title='bbox 1250 1419 1259 1482; x_wconf 93' lang='lat' dir='ltr'>i</span> <span class='ocrx_word' id='word_1_71' title='bbox 1268 1439 1316 1485; x_wconf 84' lang='lat' dir='ltr'>va</span> 
     </span>
     <span class='ocr_line' id='line_1_12' title="bbox 156 1528 1349 1612; baseline -0.001 -21"><span class='ocrx_word' id='word_1_72' title='bbox 156 1528 378 1609; x_wconf 85' lang='lat' dir='ltr'>sigmatica:</span> <span class='ocrx_word' id='word_1_73' title='bbox 415 1530 470 1612; x_wconf 90' lang='lat' dir='ltr'>qui</span> <span class='ocrx_word' id='word_1_74' title='bbox 505 1548 657 1593; x_wconf 86' lang='lat' dir='ltr'>numerus</span> <span class='ocrx_word' id='word_1_75' title='bbox 693 1533 724 1592; x_wconf 89' lang='lat' dir='ltr'>et</span> <span class='ocrx_word' id='word_1_76' title='bbox 756 1528 821 1610; x_wconf 90' lang='lat' dir='ltr'>ipse</span> <span class='ocrx_word' id='word_1_77' title='bbox 853 1528 939 1609; x_wconf 91' lang='lat' dir='ltr'>apud</span> <span class='ocrx_word' id='word_1_78' title='bbox 971 1528 1056 1591; x_wconf 87' lang='lat' dir='ltr'>hunc</span> <span class='ocrx_word' id='word_1_79' title='bbox 1088 1529 1216 1608; x_wconf 73' lang='lat' dir='ltr'>poetam</span> <span class='ocrx_word' id='word_1_80' title='bbox 1249 1545 1314 1591; x_wconf 91' lang='lat' dir='ltr'>non</span> <span class='ocrx_word' id='word_1_81' title='bbox 1348 1556 1349 1560; x_wconf 40' lang='lat'>¹</span> 
     </span>
     <span class='ocr_line' id='line_1_13' title="bbox 157 1639 381 1717; baseline 0.004 -20"><span class='ocrx_word' id='word_1_82' title='bbox 157 1654 295 1717; x_wconf 84' lang='lat' dir='ltr'>magnus</span> <span class='ocrx_word' id='word_1_83' title='bbox 318 1639 381 1700; x_wconf 89' lang='lat' dir='ltr'>est:</span> 
     </span>
    </p>

    <p class='ocr_par' dir='ltr' id='par_1_8' title="bbox 242 1740 1018 1824">
     <span class='ocr_line' id='line_1_14' title="bbox 242 1740 1018 1824; baseline 0 -21"><span class='ocrx_word' id='word_1_84' title='bbox 242 1740 499 1824; x_wconf 78' lang='grc' dir='ltr'><strong><em>ταραξι-κάρδιος</em></strong></span> <span class='ocrx_word' id='word_1_85' title='bbox 520 1742 549 1805; x_wconf 88' lang='grc' dir='ltr'><strong>Α</strong></span> <span class='ocrx_word' id='word_1_86' title='bbox 571 1742 640 1818; x_wconf 84' lang='grc'>315,</span> <span class='ocrx_word' id='word_1_87' title='bbox 663 1742 806 1805; x_wconf 87' lang='lat' dir='ltr'>animum</span> <span class='ocrx_word' id='word_1_88' title='bbox 829 1740 1018 1804; x_wconf 75' lang='lat' dir='ltr'>concutiens,</span> 
     </span>
    </p>

    <p class='ocr_par' dir='ltr' id='par_1_9' title="bbox 154 1847 1317 2469">
     <span class='ocr_line' id='line_1_15' title="bbox 240 1847 1316 1931; baseline 0.002 -20"><span class='ocrx_word' id='word_1_89' title='bbox 240 1847 595 1931; x_wconf 73' lang='grc' dir='ltr'><strong><em>ταραξ-ιππό-στρατος</em></strong></span> <span class='ocrx_word' id='word_1_90' title='bbox 614 1848 640 1912; x_wconf 86' lang='grc' dir='ltr'>Ε</span> <span class='ocrx_word' id='word_1_91' title='bbox 661 1849 737 1925; x_wconf 69' lang='lat'>247,</span> <span class='ocrx_word' id='word_1_92' title='bbox 762 1849 815 1930; x_wconf 88' lang='lat' dir='ltr'>qui</span> <span class='ocrx_word' id='word_1_93' title='bbox 839 1848 979 1930; x_wconf 90' lang='lat' dir='ltr'>equitum</span> <span class='ocrx_word' id='word_1_94' title='bbox 1002 1849 1172 1912; x_wconf 83' lang='lat' dir='ltr'>exercitum</span> <span class='ocrx_word' id='word_1_95' title='bbox 1193 1849 1316 1913; x_wconf 65' lang='lat' dir='ltr'>turbate</span> 
     </span>
     <span class='ocr_line' id='line_1_16' title="bbox 157 1955 1314 2040; baseline 0 -18"><span class='ocrx_word' id='word_1_96' title='bbox 157 1958 244 2040; x_wconf 90' lang='lat' dir='ltr'>quod</span> <span class='ocrx_word' id='word_1_97' title='bbox 264 1958 454 2022; x_wconf 87' lang='lat' dir='ltr'>adieclivum</span> <span class='ocrx_word' id='word_1_98' title='bbox 476 1958 594 2022; x_wconf 89' lang='lat' dir='ltr'>comice</span> <span class='ocrx_word' id='word_1_99' title='bbox 614 1956 655 2021; x_wconf 89' lang='lat' dir='ltr'>ab</span> <span class='ocrx_word' id='word_1_100' title='bbox 675 1957 728 2020; x_wconf 84' lang='lat' dir='ltr'>Ar.</span> <span class='ocrx_word' id='word_1_101' title='bbox 750 1957 795 2020; x_wconf 87' lang='lat' dir='ltr'>ita</span> <span class='ocrx_word' id='word_1_102' title='bbox 824 1956 934 2019; x_wconf 87' lang='lat' dir='ltr'>fictmn</span> <span class='ocrx_word' id='word_1_103' title='bbox 960 1959 1023 2032; x_wconf 85' lang='lat' dir='ltr'>est,</span> <span class='ocrx_word' id='word_1_104' title='bbox 1050 1959 1086 2019; x_wconf 89' lang='lat' dir='ltr'>ut</span> <span class='ocrx_word' id='word_1_105' title='bbox 1114 1955 1213 2020; x_wconf 86' lang='lat' dir='ltr'>altera</span> <span class='ocrx_word' id='word_1_106' title='bbox 1240 1976 1314 2039; x_wconf 87' lang='lat' dir='ltr'>pars</span> 
     </span>
     <span class='ocr_line' id='line_1_17' title="bbox 154 2051 1317 2147; baseline -0.001 -19"><span class='ocrx_word' id='word_1_107' title='bbox 154 2067 186 2128; x_wconf 85' lang='lat' dir='ltr'>el</span> <span class='ocrx_word' id='word_1_108' title='bbox 213 2066 281 2147; x_wconf 88' lang='lat' dir='ltr'>ipsa</span> <span class='ocrx_word' id='word_1_109' title='bbox 309 2065 374 2130; x_wconf 91' lang='lat' dir='ltr'>duo</span> <span class='ocrx_word' id='word_1_110' title='bbox 397 2064 544 2128; x_wconf 87' lang='lat' dir='ltr'>membra</span> <span class='ocrx_word' id='word_1_111' title='bbox 565 2065 756 2138; x_wconf 61' lang='lat' dir='ltr'>continerem</span> <span class='ocrx_word' id='word_1_112' title='bbox 783 2066 883 2127; x_wconf 88' lang='lat' dir='ltr'>certas</span> <span class='ocrx_word' id='word_1_113' title='bbox 906 2066 1013 2127; x_wconf 86' lang='lat' dir='ltr'>autem</span> <span class='ocrx_word' id='word_1_114' title='bbox 1036 2062 1119 2144; x_wconf 81' lang='lat' dir='ltr'>leges</span> <span class='ocrx_word' id='word_1_115' title='bbox 1142 2082 1208 2127; x_wconf 88' lang='lat' dir='ltr'>non</span> <span class='ocrx_word' id='word_1_116' title='bbox 1228 2051 1317 2146; x_wconf 83' lang='lat' dir='ltr'>sequi</span> 
     </span>
     <span class='ocr_line' id='line_1_18' title="bbox 157 2170 1316 2253; baseline -0.002 -17"><span class='ocrx_word' id='word_1_117' title='bbox 157 2171 244 2236; x_wconf 88' lang='lat' dir='ltr'>hunc</span> <span class='ocrx_word' id='word_1_118' title='bbox 253 2175 382 2253; x_wconf 71' lang='lat' dir='ltr'>poetam</span> <span class='ocrx_word' id='word_1_119' title='bbox 396 2173 428 2235; x_wconf 94' lang='lat' dir='ltr'>in</span> <span class='ocrx_word' id='word_1_120' title='bbox 444 2172 618 2236; x_wconf 80' lang='lat' dir='ltr'>formandis</span> <span class='ocrx_word' id='word_1_121' title='bbox 631 2171 745 2236; x_wconf 86' lang='lat' dir='ltr'>talibus</span> <span class='ocrx_word' id='word_1_122' title='bbox 761 2170 948 2252; x_wconf 76' lang='lat' dir='ltr'>compositio,</span> <span class='ocrx_word' id='word_1_123' title='bbox 965 2173 1153 2252; x_wconf 83' lang='lat' dir='ltr'>argumento</span> <span class='ocrx_word' id='word_1_124' title='bbox 1168 2170 1244 2233; x_wconf 92' lang='lat' dir='ltr'>mihi</span> <span class='ocrx_word' id='word_1_125' title='bbox 1258 2174 1316 2249; x_wconf 87' lang='lat' dir='ltr'>est,</span> 
     </span>
     <span class='ocr_line' id='line_1_19' title="bbox 156 2276 1315 2361; baseline -0.001 -19"><span class='ocrx_word' id='word_1_126' title='bbox 156 2279 243 2361; x_wconf 84' lang='lat' dir='ltr'>quod</span> <span class='ocrx_word' id='word_1_127' title='bbox 257 2278 306 2342; x_wconf 87' lang='lat' dir='ltr'>his</span> <span class='ocrx_word' id='word_1_128' title='bbox 320 2279 408 2343; x_wconf 83' lang='lat' dir='ltr'>locis:</span> <span class='ocrx_word' id='word_1_129' title='bbox 429 2278 696 2361; x_wconf 78' lang='grc' dir='ltr'><strong><em>ταραξι-κάρδιος,</em></strong></span> <span class='ocrx_word' id='word_1_130' title='bbox 715 2276 1065 2361; x_wconf 79' lang='grc' dir='ltr'><strong><em>ταραξ·ιππόστρατος,</em></strong></span> <span class='ocrx_word' id='word_1_131' title='bbox 1085 2277 1110 2341; x_wconf 86' lang='grc' dir='ltr'>Ε</span> <span class='ocrx_word' id='word_1_132' title='bbox 1127 2277 1187 2341; x_wconf 84' lang='grc'>309</span> <span class='ocrx_word' id='word_1_133' title='bbox 1207 2282 1315 2341; x_wconf 83' lang='lat' dir='ltr'>autem</span> 
     </span>
     <span class='ocr_line' id='line_1_20' title="bbox 156 2384 1109 2469; baseline -0.002 -21"><span class='ocrx_word' id='word_1_134' title='bbox 156 2387 282 2450; x_wconf 87' lang='lat' dir='ltr'>inverso</span> <span class='ocrx_word' id='word_1_135' title='bbox 303 2387 521 2451; x_wconf 86' lang='lat' dir='ltr'>membrorum</span> <span class='ocrx_word' id='word_1_136' title='bbox 542 2388 667 2450; x_wconf 88' lang='lat' dir='ltr'>ordine:</span> <span class='ocrx_word' id='word_1_137' title='bbox 688 2384 971 2469; x_wconf 57' lang='lat' dir='ltr'>dopssopoedpegre</span> <span class='ocrx_word' id='word_1_138' title='bbox 987 2385 1109 2466; x_wconf 80' lang='lat' dir='ltr'>legitur.</span> 
     </span>
    </p>

    <p class='ocr_par' dir='ltr' id='par_1_10' title="bbox 157 2492 1314 2788">
     <span class='ocr_line' id='line_1_21' title="bbox 239 2492 1312 2576; baseline 0 -22"><span class='ocrx_word' id='word_1_139' title='bbox 239 2492 474 2576; x_wconf 59' lang='lat' dir='ltr'>noceor-depae</span> <span class='ocrx_word' id='word_1_140' title='bbox 495 2493 520 2557; x_wconf 85' lang='lat' dir='ltr'>E</span> <span class='ocrx_word' id='word_1_141' title='bbox 542 2494 615 2569; x_wconf 72' lang='lat'>8593</span> <span class='ocrx_word' id='word_1_142' title='bbox 638 2493 807 2574; x_wconf 81' lang='lat' dir='ltr'>cogitanda</span> <span class='ocrx_word' id='word_1_143' title='bbox 829 2496 875 2557; x_wconf 86' lang='lat' dir='ltr'>est</span> <span class='ocrx_word' id='word_1_144' title='bbox 897 2494 999 2558; x_wconf 83' lang='lat' dir='ltr'>forma</span> <span class='ocrx_word' id='word_1_145' title='bbox 1013 2492 1239 2574; x_wconf 78' lang='grc' dir='ltr'><strong><em>κρουσί-δημος</em></strong></span> <span class='ocrx_word' id='word_1_146' title='bbox 1251 2493 1269 2555; x_wconf 93' lang='lat' dir='ltr'>i.</span> <span class='ocrx_word' id='word_1_147' title='bbox 1287 2513 1312 2556; x_wconf 87' lang='lat' dir='ltr'>e.</span> 
     </span>
     <span class='ocr_line' id='line_1_22' title="bbox 158 2599 1314 2683; baseline -0.002 -19"><span class='ocrx_word' id='word_1_148' title='bbox 158 2600 213 2682; x_wconf 90' lang='lat' dir='ltr'>qui</span> <span class='ocrx_word' id='word_1_149' title='bbox 235 2600 390 2681; x_wconf 89' lang='lat' dir='ltr'>populum</span> <span class='ocrx_word' id='word_1_150' title='bbox 412 2600 534 2683; x_wconf 88' lang='lat' dir='ltr'>decipit,</span> <span class='ocrx_word' id='word_1_151' title='bbox 556 2619 594 2665; x_wconf 86' lang='lat' dir='ltr'>ex</span> <span class='ocrx_word' id='word_1_152' title='bbox 615 2619 680 2682; x_wconf 90' lang='lat' dir='ltr'>qua</span> <span class='ocrx_word' id='word_1_153' title='bbox 702 2601 762 2664; x_wconf 88' lang='lat' dir='ltr'>hoc</span> <span class='ocrx_word' id='word_1_154' title='bbox 784 2599 917 2663; x_wconf 89' lang='lat' dir='ltr'>verbum</span> <span class='ocrx_word' id='word_1_155' title='bbox 939 2600 1112 2675; x_wconf 70' lang='lat' dir='ltr'>derivatum</span> <span class='ocrx_word' id='word_1_156' title='bbox 1135 2618 1234 2681; x_wconf 88' lang='lat' dir='ltr'>quare</span> <span class='ocrx_word' id='word_1_157' title='bbox 1248 2619 1314 2664; x_wconf 92' lang='lat' dir='ltr'>non</span> 
     </span>
     <span class='ocr_line' id='line_1_23' title="bbox 157 2704 1212 2788; baseline -0.003 -19"><span class='ocrx_word' id='word_1_158' title='bbox 157 2706 316 2770; x_wconf 86' lang='lat' dir='ltr'>immerito</span> <span class='ocrx_word' id='word_1_159' title='bbox 337 2704 543 2788; x_wconf 82' lang='lat' dir='ltr'>Clemmius*)</span> <span class='ocrx_word' id='word_1_160' title='bbox 564 2707 624 2771; x_wconf 89' lang='lat' dir='ltr'>hoc</span> <span class='ocrx_word' id='word_1_161' title='bbox 644 2707 777 2770; x_wconf 91' lang='lat' dir='ltr'>verbum</span> <span class='ocrx_word' id='word_1_162' title='bbox 798 2707 1039 2770; x_wconf 82' lang='lat' dir='ltr'>denominativis</span> <span class='ocrx_word' id='word_1_163' title='bbox 1061 2706 1212 2787; x_wconf 85' lang='lat' dir='ltr'>ascripsit.</span> 
     </span>
    </p>

    <p class='ocr_par' dir='ltr' id='par_1_11' title="bbox 154 2808 1315 3323">
     <span class='ocr_line' id='line_1_24' title="bbox 239 2808 1315 2897; baseline 0 -23"><span class='ocrx_word' id='word_1_164' title='bbox 239 2808 519 2895; x_wconf 64' lang='lat' dir='ltr'>xvxpoiaeppogR</span> <span class='ocrx_word' id='word_1_165' title='bbox 529 2814 602 2889; x_wconf 84' lang='lat'>710;</span> <span class='ocrx_word' id='word_1_166' title='bbox 619 2814 788 2895; x_wconf 84' lang='lat' dir='ltr'>hocunum</span> <span class='ocrx_word' id='word_1_167' title='bbox 797 2814 1006 2897; x_wconf 87' lang='lat' dir='ltr'>compositum</span> <span class='ocrx_word' id='word_1_168' title='bbox 1015 2813 1215 2894; x_wconf 81' lang='lat' dir='ltr'>sigmaticum</span> <span class='ocrx_word' id='word_1_169' title='bbox 1221 2830 1315 2875; x_wconf 91' lang='lat' dir='ltr'>sensu</span> 
     </span>
     <span class='ocr_line' id='line_1_25' title="bbox 155 2920 1315 3003; baseline -0.002 -18"><span class='ocrx_word' id='word_1_170' title='bbox 155 2921 282 3003; x_wconf 88' lang='lat' dir='ltr'>passivo</span> <span class='ocrx_word' id='word_1_171' title='bbox 304 2923 493 3002; x_wconf 87' lang='lat' dir='ltr'>usurpatur,</span> <span class='ocrx_word' id='word_1_172' title='bbox 520 2920 564 2984; x_wconf 89' lang='lat' dir='ltr'>ita</span> <span class='ocrx_word' id='word_1_173' title='bbox 590 2923 642 2997; x_wconf 87' lang='lat' dir='ltr'>ut,</span> <span class='ocrx_word' id='word_1_174' title='bbox 672 2920 697 2982; x_wconf 93' lang='lat' dir='ltr'>si</span> <span class='ocrx_word' id='word_1_175' title='bbox 718 2939 848 3002; x_wconf 84' lang='lat' dir='ltr'>prorsus</span> <span class='ocrx_word' id='word_1_176' title='bbox 869 2925 1023 2985; x_wconf 82' lang='lat' dir='ltr'>accurate</span> <span class='ocrx_word' id='word_1_177' title='bbox 1040 2939 1223 3002; x_wconf 82' lang='lat' dir='ltr'>ageremus,</span> <span class='ocrx_word' id='word_1_178' title='bbox 1252 2920 1315 2983; x_wconf 88' lang='lat' dir='ltr'>huc</span> 
     </span>
     <span class='ocr_line' id='line_1_26' title="bbox 154 3027 1314 3105; baseline 0.001 -14"><span class='ocrx_word' id='word_1_179' title='bbox 154 3027 355 3093; x_wconf 84' lang='lat' dir='ltr'>referendum</span> <span class='ocrx_word' id='word_1_180' title='bbox 376 3046 441 3091; x_wconf 94' lang='lat' dir='ltr'>non</span> <span class='ocrx_word' id='word_1_181' title='bbox 463 3030 561 3102; x_wconf 89' lang='lat' dir='ltr'>esset;</span> <span class='ocrx_word' id='word_1_182' title='bbox 583 3028 676 3091; x_wconf 86' lang='lat' dir='ltr'>notio</span> <span class='ocrx_word' id='word_1_183' title='bbox 690 3027 775 3090; x_wconf 80' lang='lat' dir='ltr'>enlm</span> <span class='ocrx_word' id='word_1_184' title='bbox 790 3027 819 3090; x_wconf 93' lang='lat' dir='ltr'>ei</span> <span class='ocrx_word' id='word_1_185' title='bbox 835 3028 1030 3091; x_wconf 86' lang='lat' dir='ltr'>continetur:</span> <span class='ocrx_word' id='word_1_186' title='bbox 1053 3028 1147 3092; x_wconf 76' lang='lat' dir='ltr'>»cinis</span> <span class='ocrx_word' id='word_1_187' title='bbox 1168 3027 1314 3105; x_wconf 77' lang='lat' dir='ltr'>mixtus«,</span> 
     </span>
     <span class='ocr_line' id='line_1_27' title="bbox 155 3133 1313 3216; baseline -0.001 -18"><span class='ocrx_word' id='word_1_188' title='bbox 155 3153 229 3198; x_wconf 89' lang='lat' dir='ltr'>cum</span> <span class='ocrx_word' id='word_1_189' title='bbox 255 3133 431 3199; x_wconf 88' lang='lat' dir='ltr'>secundum</span> <span class='ocrx_word' id='word_1_190' title='bbox 460 3133 595 3197; x_wconf 91' lang='lat' dir='ltr'>aliorum</span> <span class='ocrx_word' id='word_1_191' title='bbox 619 3133 713 3198; x_wconf 91' lang='lat' dir='ltr'>huius</span> <span class='ocrx_word' id='word_1_192' title='bbox 735 3134 840 3198; x_wconf 89' lang='lat' dir='ltr'>classis</span> <span class='ocrx_word' id='word_1_193' title='bbox 862 3135 1110 3216; x_wconf 87' lang='lat' dir='ltr'>compositorum</span> <span class='ocrx_word' id='word_1_194' title='bbox 1131 3134 1313 3216; x_wconf 82' lang='lat' dir='ltr'>analogiam</span> 
     </span>
     <span class='ocr_line' id='line_1_28' title="bbox 157 3224 792 3323; baseline -0.002 -19"><span class='ocrx_word' id='word_1_195' title='bbox 157 3244 376 3321; x_wconf 81' lang='lat' dir='ltr'>expectemus:</span> <span class='ocrx_word' id='word_1_196' title='bbox 401 3242 475 3323; x_wconf 79' lang='lat' dir='ltr'>»qui</span> <span class='ocrx_word' id='word_1_197' title='bbox 496 3241 605 3305; x_wconf 92' lang='lat' dir='ltr'>miscet</span> <span class='ocrx_word' id='word_1_198' title='bbox 625 3224 792 3304; x_wconf 62' lang='lat' dir='ltr'>cinerem«,</span> 
     </span>
    </p>

    <p class='ocr_par' dir='ltr' id='par_1_12' title="bbox 152 3346 1314 3964">
     <span class='ocr_line' id='line_1_29' title="bbox 240 3346 1314 3436; baseline -0.003 -24"><span class='ocrx_word' id='word_1_199' title='bbox 240 3347 407 3412; x_wconf 89' lang='lat' dir='ltr'>Praeterea</span> <span class='ocrx_word' id='word_1_200' title='bbox 423 3348 487 3412; x_wconf 85' lang='lat' dir='ltr'>huc</span> <span class='ocrx_word' id='word_1_201' title='bbox 500 3347 675 3412; x_wconf 90' lang='lat' dir='ltr'>retulimus:</span> <span class='ocrx_word' id='word_1_202' title='bbox 693 3346 963 3430; x_wconf 78' lang='grc' dir='ltr'><em>Φοβεσι-στροέτη,</em></span> <span class='ocrx_word' id='word_1_203' title='bbox 977 3350 1160 3429; x_wconf 79' lang='grc' dir='ltr'><strong><em>τρυσί-βιος,</em></strong></span> <span class='ocrx_word' id='word_1_204' title='bbox 1175 3358 1314 3436; x_wconf 79' lang='grc' dir='ltr'><strong><em>στρεψο-</em></strong></span> 
     </span>
     <span class='ocr_line' id='line_1_30' title="bbox 156 3450 1314 3543; baseline -0.001 -26"><span class='ocrx_word' id='word_1_205' title='bbox 156 3450 1314 3543; x_wconf 64' lang='lat' dir='ltr'>drxdwlorpemd-dexogl,tog-mria;,dpavr·ciruv},rpem-ppepdo,atavul-</span> 
     </span>
     <span class='ocr_line' id='line_1_31' title="bbox 156 3584 669 3644; baseline -0.006 -19"><span class='ocrx_word' id='word_1_206' title='bbox 156 3584 266 3644; x_wconf 79' lang='grc' dir='ltr'><strong><em>μαχος.</em></strong></span> <span class='ocrx_word' id='word_1_207' title='bbox 666 3617 669 3622; x_wconf 88' lang='grc'><em>.</em></span> 
     </span>
     <span class='ocr_line' id='line_1_32' title="bbox 238 3668 1312 3753; baseline 0.005 -22"><span class='ocrx_word' id='word_1_208' title='bbox 238 3669 345 3751; x_wconf 87' lang='lat' dir='ltr'>Atque</span> <span class='ocrx_word' id='word_1_209' title='bbox 367 3668 520 3751; x_wconf 83' lang='lat' dir='ltr'>quoniam</span> <span class='ocrx_word' id='word_1_210' title='bbox 543 3668 582 3732; x_wconf 90' lang='lat' dir='ltr'>de</span> <span class='ocrx_word' id='word_1_211' title='bbox 604 3668 750 3732; x_wconf 91' lang='lat' dir='ltr'>omnibus</span> <span class='ocrx_word' id='word_1_212' title='bbox 766 3669 943 3751; x_wconf 88' lang='lat' dir='ltr'>compositis</span> <span class='ocrx_word' id='word_1_213' title='bbox 961 3669 1208 3751; x_wconf 87' lang='lat' dir='ltr'>Aristophaneis,</span> <span class='ocrx_word' id='word_1_214' title='bbox 1230 3690 1312 3753; x_wconf 89' lang='lat' dir='ltr'>quae</span> 
     </span>
     <span class='ocr_line' id='line_1_33' title="bbox 158 3775 1311 3858; baseline 0.001 -18"><span class='ocrx_word' id='word_1_215' title='bbox 158 3779 261 3841; x_wconf 82' lang='lat' dir='ltr'>certas</span> <span class='ocrx_word' id='word_1_216' title='bbox 282 3778 315 3841; x_wconf 93' lang='lat' dir='ltr'>in</span> <span class='ocrx_word' id='word_1_217' title='bbox 339 3776 452 3841; x_wconf 88' lang='lat' dir='ltr'>classes</span> <span class='ocrx_word' id='word_1_218' title='bbox 473 3775 615 3840; x_wconf 84' lang='lat' dir='ltr'>distribui</span> <span class='ocrx_word' id='word_1_219' title='bbox 630 3779 771 3858; x_wconf 84' lang='lat' dir='ltr'>possunt,</span> <span class='ocrx_word' id='word_1_220' title='bbox 791 3776 940 3840; x_wconf 88' lang='lat' dir='ltr'>iudicium</span> <span class='ocrx_word' id='word_1_221' title='bbox 953 3780 1097 3841; x_wconf 86' lang='lat' dir='ltr'>nostrum</span> <span class='ocrx_word' id='word_1_222' title='bbox 1112 3777 1311 3858; x_wconf 87' lang='lat' dir='ltr'>protulimus,</span> 
     </span>
     <span class='ocr_line' id='line_1_34' title="bbox 152 3881 1311 3964; baseline 0.001 -16"><span class='ocrx_word' id='word_1_223' title='bbox 152 3886 273 3949; x_wconf 89' lang='lat' dir='ltr'>restant</span> <span class='ocrx_word' id='word_1_224' title='bbox 293 3883 383 3946; x_wconf 88' lang='lat' dir='ltr'>nohis</span> <span class='ocrx_word' id='word_1_225' title='bbox 405 3881 574 3946; x_wconf 87' lang='lat' dir='ltr'>tractanda</span> <span class='ocrx_word' id='word_1_226' title='bbox 594 3902 649 3961; x_wconf 87' lang='lat' dir='ltr'>ea,</span> <span class='ocrx_word' id='word_1_227' title='bbox 671 3901 767 3964; x_wconf 89' lang='lat' dir='ltr'>quae</span> <span class='ocrx_word' id='word_1_228' title='bbox 795 3882 857 3946; x_wconf 92' lang='lat' dir='ltr'>ille</span> <span class='ocrx_word' id='word_1_229' title='bbox 887 3884 972 3948; x_wconf 34' lang='lat' dir='ltr'>suis,</span> <span class='ocrx_word' id='word_1_230' title='bbox 995 3882 1141 3964; x_wconf 80' lang='lat' dir='ltr'>legibus</span> <span class='ocrx_word' id='word_1_231' title='bbox 1172 3885 1311 3950; x_wconf 90' lang='lat' dir='ltr'>comice</span> 
     </span>
    </p>
   </div>
   <div class='ocr_carea' id='block_1_6' title="bbox 252 4076 695 4149">
    <p class='ocr_par' dir='ltr' id='par_1_13' title="bbox 252 4076 695 4149">
     <span class='ocr_line' id='line_1_35' title="bbox 252 4076 695 4149; baseline 0.002 -18"><span class='ocrx_word' id='word_1_232' title='bbox 252 4077 277 4147; x_wconf 73' lang='lat' dir='ltr'>*l</span> <span class='ocrx_word' id='word_1_233' title='bbox 295 4077 328 4131; x_wconf 92' lang='lat' dir='ltr'>In</span> <span class='ocrx_word' id='word_1_234' title='bbox 346 4076 553 4134; x_wconf 72' lang='lat' dir='ltr'>dissemationis</span> <span class='ocrx_word' id='word_1_235' title='bbox 570 4095 634 4149; x_wconf 83' lang='lat' dir='ltr'>pag.</span> <span class='ocrx_word' id='word_1_236' title='bbox 654 4079 695 4133; x_wconf 84' lang='lat'>39.</span> 
     </span>
    </p>
   </div>
   <div class='ocr_carea' id='block_1_7' title="bbox 1123 4173 1158 4226">
    <p class='ocr_par' dir='ltr' id='par_1_14' title="bbox 1123 4173 1158 4226">
     <span class='ocr_line' id='line_1_36' title="bbox 1123 4173 1158 4226; baseline 0 -22"><span class='ocrx_word' id='word_1_237' title='bbox 1123 4173 1158 4226; x_wconf 65' lang='grc'>6*</span> 
     </span>
    </p>
   </div>
   <div class='ocr_carea' id='block_1_8' title="bbox 0 0 1474 4492">
    <p class='ocr_par' dir='ltr' id='par_1_15' title="bbox 0 0 1474 4492">
     <span class='ocr_line' id='line_1_37' title="bbox 0 0 1474 4492; baseline 0 1"><span class='ocrx_word' id='word_1_238' title='bbox 0 0 1474 4492; x_wconf 95' lang='lat' dir='ltr'> </span> 
     </span>
    </p>
   </div>
  </div>
 </body>
</html>
