2940 4492
678 191 716 255 m

113 390 211 453 quam
229 390 269 434 ex
288 368 449 434 vocabulis
463 362 610 449 discatur,
628 371 704 435 satis
718 389 784 435 esse
797 375 876 452 puto
890 391 1039 436 numeros
1053 374 1271 455 exemplorum

112 478 270 542 addidisse
293 480 324 541 et
344 497 400 554 ea,
425 496 507 558 quae
527 478 599 540 miri
621 477 740 560 aliquid
760 481 792 542 et
811 481 990 543 memoratu
1011 480 1098 561 digni
1120 480 1270 558 habeant,

111 584 144 648 in
165 584 307 648 medium
329 584 502 667 protulisse.

193 691 215 753 Ι.
250 691 443 755 Terminatio
459 691 665 769 deminutiva,
681 709 763 773 quae
778 691 1029 773 frequentissima
1043 692 1076 755 in
1090 693 1272 756 nominibus

111 798 237 863 Graecis
257 800 414 863 invenitur
435 817 538 881 eaque
559 818 620 861 usu
642 798 705 862 fere
726 802 852 881 recepta
873 799 997 862 videtur
1018 818 1099 877 csse,
1128 803 1175 862 est
1196 803 1271 863 -r'ov2

111 925 194 988 quae
221 906 349 988 quidem
378 926 443 969 non
469 909 536 969 tam
561 926 653 988 saepe
678 907 711 968 in
741 904 982 987 Aristophaneis
1011 905 1125 969 fabulis
1151 906 1272 987 legitur,

110 1031 208 1094 quam
240 1016 405 1094 expectare
433 1032 599 1094 possumus
627 1033 666 1076 cx
687 1012 865 1095 frequentia
887 1013 953 1076 eius
974 1011 1007 1074 in
1028 1013 1155 1094 reliquis
1177 1012 1272 1076 literis

55 1199 57 1203 ι
112 1118 247 1183 Graecis.
297 1119 378 1182 Huic
406 1120 497 1184 classi
526 1119 713 1183 ascribenda
744 1122 819 1183 sunt
844 1137 882 1182 ea
911 1138 1038 1201 quoque
1067 1118 1272 1195 deminutiva

112 1244 195 1307 quae
217 1225 256 1289 de
277 1226 371 1307 stirpe
394 1225 461 1288 ind
482 1226 602 1290 literam
623 1230 758 1291 exeunte
780 1227 973 1301 formentum
997 1245 1079 1308 quae
1101 1245 1178 1289 cave
1200 1243 1273 1288 cum

111 1333 294 1396 nominibus
309 1332 473 1423 dupliciter
488 1333 696 1412 deminutivis,
717 1353 800 1416 quae
816 1333 850 1397 in
863 1332 972 1394 -οἱδιον
986 1336 1018 1396 91
1032 1332 1128 1394 -ίδιον
1143 1332 1272 1408 cadunt,

112 1439 244 1501 misceas
281 1437 357 1518 (Cir.
388 1439 534 1502 Schwab.
564 1461 595 1520 p.
624 1440 687 1520 67).
743 1440 986 1504 Numeravimus
1022 1440 1115 1503 huius
1151 1439 1274 1519 generis

112 1545 258 1627 exempla
279 1546 511 1627 Aristophanea
531 1546 581 1624 47,
604 1567 687 1628 quae
709 1548 816 1610 omnia
838 1547 888 1611 ille
910 1566 995 1610 nova
1016 1545 1171 1622 formavit,
1193 1565 1274 1608 uon-

112 1652 200 1715 nulla
222 1653 318 1716 etiam
340 1653 425 1729 talia,
447 1672 583 1734 quorum
606 1673 723 1716 nomen
743 1653 875 1734 simplex
896 1653 928 1716 in
949 1653 1043 1716 literis
1062 1652 1187 1716 Graccis
1208 1671 1273 1714 non

112 1759 287 1837 invenitur,
308 1759 393 1822 velut
414 1759 650 1839 κοσκυλμοὶτιον
671 1760 697 1823 Ε
718 1761 768 1836 49,
792 1780 855 1842 quo
877 1760 1086 1840 significatur,
1110 1758 1195 1840 quod
1217 1778 1275 1821 nos

113 1866 263 1929 dicimus:
294 1867 426 1943 Lector,
457 1867 779 1947 Wort·geschnitzel;
811 1867 895 1931 idem
926 1866 1130 1931 iudicandum
1160 1868 1206 1929 est
1235 1865 1275 1928 de

115 1973 295 2036 nominibus
323 1972 492 2054 κρεκάδιον
513 1974 540 2035 V
566 1975 644 2038 1215
671 1970 730 2036 dn.
752 1973 832 2053 tea,
858 1972 1099 2057 ἡμιδιπλοΐδιον
1125 1972 1167 2035 Ec
1196 1972 1273 2035 318:

114 2098 252 2161 quorum
273 2080 391 2143 formas
411 2081 577 2162 primarias
598 2082 651 2144 vix
665 2082 822 2144 inveneris
837 2101 857 2143 a
871 2082 1021 2163 scriptore
1036 2080 1141 2160 aliquo
1156 2078 1276 2141 Gracco

114 2190 293 2268 usurpatas.
319 2187 428 2268 Neque
443 2189 537 2251 etiam
553 2208 656 2269 pauca
672 2192 745 2251 suni
761 2189 957 2252 deminutiva
972 2189 1004 2250 in
1019 2191 1081 2249 -ίον
1095 2185 1274 2261 terminata,

114 2312 197 2385 quae
225 2295 387 2357 notionem
414 2296 550 2358 nominis
573 2296 716 2376 primarii
738 2296 845 2377 paullo
866 2297 1067 2358 immutatam
1090 2292 1274 2355 exhibeant:

114 2419 188 2463 cum
209 2399 358 2482 οἷνθρήοη
380 2401 534 2481 significet
554 2403 642 2483 apim
663 2403 780 2483 ipsam,
809 2399 990 2483 a'ra‘torjrror
1009 2399 1036 2460 V
1059 2401 1138 2462 1080
1165 2399 1276 2462 cellam
1301 2407 1303 2410 ’

115 2506 224 2587 apium
255 2511 362 2582 notat;
389 2513 509 2590 χοιρίον
529 2529 648 2572 nomen
670 2508 696 2569 V
720 2509 798 2571 1353
820 2509 935 2571 tralata
954 2507 1082 2569 notione
1102 2509 1134 2568 ct
1155 2506 1197 2568 ab
1219 2505 1273 2568 Ar.

115 2616 148 2676 et
168 2632 187 2676 a
208 2614 434 2695 posterioribus
462 2615 619 2697 aliquibus
644 2621 815 2696 usurpatur
843 2635 901 2697 pro
928 2611 1054 2676 αἰδοῖον
1080 2616 1275 2692 γυναικεῖον,

115 2739 217 2783 unum
248 2721 479 2786 deminutivum
511 2720 675 2783 παλιέοιοο
708 2721 733 2784 Ρ
762 2722 824 2784 574
855 2719 916 2784 dn.
945 2722 990 2799 1.,
1027 2721 1118 2802 copia
1150 2721 1275 2800 frugum

113 2846 280 2891 succarum
301 2833 333 2892 et
352 2848 541 2911 pressamm,
564 2828 612 2891 ille
635 2829 674 2892 de
696 2831 824 2893 nomine
846 2827 987 2910 cciddp
1008 2827 1139 2891 deduxit
1160 2826 1218 2902 iia,
1240 2830 1277 2888 ut

115 2937 144 2994 o
177 2934 266 2998 litera
303 2935 336 2998 in
368 2959 382 3008 ς
412 2937 574 3012 transiret,
613 2956 686 2999 cum
719 2937 759 3000 de
791 2933 1082 3018 xorroopqtoio'vdq
1120 2934 1276 2997 derivaret

115 3040 476 3121 χρυοομηλολοόθιον11
492 3043 570 3106 1342
593 3038 653 3105 dn.
676 3043 717 3118 l.;
740 3044 828 3106 cuius
849 3043 1006 3107 varietatis
1029 3060 1124 3106 causa
1146 3042 1277 3103 fortasse

116 3147 149 3210 in
179 3166 217 3210 eo
246 3149 356 3230 quaeri
383 3153 500 3229 potest,
531 3151 616 3231 quod
647 3149 697 3211 hic
719 3171 737 3209 r
760 3150 863 3227 litera,
893 3149 953 3213 illic
979 3149 1095 3213 vocalis
1118 3146 1278 3210 antecedit

116 3253 224 3317 literae
248 3258 284 3315 θ.

187 3361 234 3439 ll.
277 3361 482 3442 Frequentior
512 3363 608 3425 etiam
637 3361 794 3423 invenitur
824 3361 910 3442 apud
933 3360 986 3424 Ar.
1009 3361 1071 3425 alia
1098 3362 1278 3426 terminatio

117 3468 159 3531 ad
182 3468 312 3531 nomina
333 3468 530 3531 deminutiva
551 3468 716 3531 formanda
738 3468 897 3546 adhibita,
919 3467 1030 3546 -ίδιον,
1053 3488 1151 3552 quam
1174 3490 1212 3533 ex
1232 3467 1278 3530 -ιδ

117 3577 149 3636 91
171 3596 215 3635 -ιο
229 3578 333 3637 ortam
354 3594 420 3636 esso
435 3574 622 3637 Schwabius
642 3574 886 3638 demonstravit:
911 3574 1039 3656 (itaque,
1062 3576 1086 3638 si
1107 3556 1147 3639 ad
1170 3578 1278 3641 vivum

116 3700 314 3756 resecamus¹
344 3681 423 3743 haec
454 3681 632 3743 terminatio
662 3681 826 3762 dupliciter
854 3681 1050 3745 deminutiva
1078 3683 1157 3764 est):
1191 3684 1277 3748 cuius

118 3788 255 3868 primam
277 3788 401 3850 literam
423 3788 584 3850 interdum
604 3807 675 3851 cum
706 3788 821 3863 vocali,
853 3788 884 3850 in
913 3808 1010 3870 quam
1040 3790 1124 3853 cadit
1150 3810 1277 3867 nomen,

118 3895 151 3957 in
181 3894 414 3976 diphthongum
445 3894 494 3956 vel
523 3914 620 3958 unam
648 3893 789 3957 vocalem
819 3895 903 3958 coire
931 3896 1092 3974 videmus,
1129 3896 1214 3959 velut
1245 3896 1278 3960 in

115 3999 273 4082 λαγῴδιον
295 4002 325 4065 A
346 4002 421 4082 52³0,
443 3997 504 4062 dn.
527 4000 565 4078 t,
605 4001 819 4083 α’μφορείδιον
840 4001 866 4065 Ρ
888 4001 959 4079 203,
982 4002 1025 4067 Ec
1049 4003 1143 4081 1119,
1175 4000 1278 4064 dtur-ov
