2940 4492
653 177 690 242 31

93 359 346 442 quantotiva,
383 357 671 422 desiderativa
701 356 826 438 aliaque
859 360 927 421 tam
961 358 1047 420 certe
1084 357 1254 423 affirmavit

92 467 344 543 denominativa,
375 469 411 530 ut
443 466 504 529 hoc
531 464 630 528 verbo
665 468 811 540 utamur,
847 483 930 541 eme,
968 483 1035 527 non
1065 464 1254 530 deverbalia.

93 573 176 637 Nam
198 574 297 636 verba
319 573 446 637 denom.
469 591 542 636 meo
571 571 684 636 iudicio
709 569 921 651 intellegenda
948 573 1032 634 sunt.
1051 572 1127 635 talia
1149 574 1256 650 verba,

93 679 199 761 qualia
228 679 381 760 originem
405 679 522 742 ducere
551 678 592 741 de
617 678 652 740 iis
680 676 860 741 nominibus
890 675 1018 741 Graecis
1045 677 1255 744 demonstrari

93 789 211 869 potest,
242 805 326 868 quae
356 786 387 848 in
416 785 524 867 lingua
545 784 668 849 Graeca
694 787 770 848 ante
795 783 872 848 illud
900 785 1034 866 verbum
1062 788 1119 849 aut
1146 804 1257 850 revera

93 894 265 958 extiterunt
301 896 357 956 aut
393 893 529 956 extitisse
556 891 651 955 valde
675 890 849 954 veresimile
878 893 933 954 est.
990 890 1042 955 Ille
1072 895 1181 956 autem
1210 893 1257 956 vir

94 1001 219 1078 doctuS,
248 1018 320 1063 curn
355 1000 396 1063 ad
415 999 606 1064 fulciendam
634 999 823 1062 sententiam
846 1016 954 1074 suam,
978 1034 1014 1043 -
1039 1001 1076 1061 ut
1097 997 1258 1082 odppcrdu

95 1107 228 1170 verbum
249 1107 521 1171 denominativum
546 1125 613 1169 esse
635 1105 868 1168 demonstraret
886 1139 940 1182 -,
969 1123 1086 1169 nomen
1108 1105 1258 1189 οὐρητίας

95 1213 269 1277 secundum
293 1210 428 1296 οὐρητής
447 1213 620 1276 formatum
641 1212 749 1275 animo
770 1212 974 1293 cogitandum
997 1232 1065 1277 esse
1086 1214 1257 1294 contendit,

97 1339 173 1385 num
201 1321 265 1384 veri
293 1320 413 1401 aliquid
439 1320 538 1384 simile
567 1320 670 1383 dicere
690 1319 836 1385 videtur?
871 1320 984 1384 Nonne
1012 1320 1113 1384 multo
1143 1322 1256 1386 melius

95 1428 237 1491 omnium
266 1427 391 1490 illorum
419 1426 589 1490 verborum
618 1427 705 1508 origo
731 1426 923 1504 declaratur,
957 1427 983 1493 si
1010 1427 1065 1491 illa
1093 1429 1258 1492 verba-
1388 1477 1390 1481 -

94 1534 208 1599 eadem
239 1535 363 1598 ratione
385 1553 423 1599 ac
443 1555 472 1598 v.
494 1533 704 1598 desiderativa
735 1533 767 1596 in
792 1537 890 1596 -oa'o
911 1534 1057 1598 cadentia
1077 1567 1116 1579 -
1139 1535 1259 1600 dueeta

94 1642 147 1705 ria
168 1641 208 1704 de
223 1641 327 1704 verbis
347 1641 456 1704 addita
477 1640 700 1705 terminatione
721 1643 778 1704 aut
792 1639 866 1702 -cde
887 1645 944 1705 aut
958 1640 1052 1704 accio
1073 1646 1131 1706 aut
1146 1641 1260 1725 -rpcoio

95 1748 234 1812 deducta
257 1767 325 1811 esse
344 1749 519 1829 putamus?
549 1747 613 1811 Sed
641 1766 706 1811 una
726 1748 859 1813 fortasse
883 1749 941 1812 tibi
964 1767 1062 1813 causa
1083 1750 1142 1812 erit
1163 1749 1258 1814 huius

93 1855 153 1917 viri
173 1854 258 1918 docti
275 1854 464 1919 sententiam
487 1855 688 1936 praeferendi
707 1871 811 1918 meae:
841 1874 917 1918 nam
939 1855 972 1918 in
993 1874 1066 1919 mea
1088 1856 1258 1921 verbomm

96 1961 248 2026 divisione
267 1981 321 2039 ea,
348 1981 431 2044 quae
453 1963 557 2043 primo
578 1961 693 2026 obtutu
715 1960 871 2027 simillima
891 1965 975 2040 sunt,
997 1962 1083 2025 velut
1104 1961 1259 2044 βινητιόω

96 2073 128 2132 et
149 2069 326 2150 μαθηιιάω
348 2074 537 2151 separantur
557 2074 588 2133 et
608 2069 744 2133 alterum
761 2068 991 2144 deverbalibus,
1016 2069 1259 2134 denominativis

96 2176 231 2241 alterum
247 2177 487 2241 adnumeratur.
526 2175 621 2255 Quod
633 2177 658 2240 si
677 2177 856 2240 accuratius
872 2176 1052 2258 inspexeris
1064 2176 1152 2240 facile
1170 2175 1262 2240 intel·

96 2283 189 2367 leges,
211 2284 244 2348 in
261 2283 374 2360 verbis,
397 2284 503 2367 qualia
524 2281 701 2366 μαθητιάω
723 2279 923 2366 (μαθητής),
946 2281 1109 2364 adportato
1130 2281 1260 2364 (εὐρῶτ-

97 2388 165 2471 oc),
181 2389 349 2471 ληματιάω
364 2388 555 2471 (inpar-og),
577 2413 595 2451 a
617 2390 741 2455 literam
762 2409 888 2472 semper
909 2390 951 2454 ad
969 2390 1105 2453 nominis
1127 2390 1258 2471 stirpem

97 2498 253 2580 pertinere
273 2497 410 2579 ideoque
431 2516 496 2562 non
516 2495 629 2578 -rprdo
651 2499 700 2562 vel
718 2496 825 2575 -τιάω,
849 2497 905 2561 sed
926 2497 1003 2561 nihil
1026 2496 1084 2560 nisi
1105 2493 1180 2558 ocio
1201 2515 1259 2579 pro

98 2604 319 2668 terminatione
348 2605 507 2668 adiectum
532 2624 615 2679 esse3
654 2608 685 2668 et
711 2601 883 2686 βινητιάω,
905 2600 1062 2685 οὐρητιάω
1089 2605 1189 2667 verba
1219 2605 1259 2669 de

97 2713 208 2790 βινέω,
230 2709 330 2790 odoro
349 2711 538 2775 descendere
566 2712 636 2793 quis
664 2731 729 2776 non
749 2711 855 2776 videt?
888 2711 979 2788 Quae
1001 2730 1102 2793 quum
1119 2712 1164 2774 ita
1186 2712 1258 2789 sint,

98 2836 169 2881 meo
198 2817 325 2898 quidem
354 2818 467 2882 iudicio
495 2818 667 2882 rectissime
696 2818 748 2883 illa
768 2818 868 2882 verba
895 2818 958 2882 alia
985 2819 1027 2882 ab
1055 2819 1122 2882 aliis
1150 2818 1259 2882 distin-
1386 2804 1388 2808 ’

98 2926 250 3004 guuntur.
694 2947 696 2952 ·

178 3029 290 3110 Neque
323 3029 427 3092 minus
464 3030 700 3094 denominativa
736 3050 803 3095 esse
839 3034 932 3112 putat
960 3030 1131 3097 Curtius
1162 3033 1259 3097 verba

97 3135 428 3218 frequentativa,
460 3155 543 3218 quae
560 3140 732 3216 vocantur,
763 3141 798 3202 ui
821 3137 943 3215 ω’στίζω
965 3138 1104 3221 aliaque,
1125 3158 1207 3221 quae
1227 3142 1259 3204 et

98 3242 165 3324 ipsa
201 3262 260 3324 ego
296 3242 336 3306 de
371 3243 562 3325 simplicibus
596 3245 699 3308 verbis
733 3242 856 3326 (dudo)
892 3245 1001 3310 addita
1035 3246 1258 3310 terminatione

98 3350 253 3414 deducere
275 3350 450 3414 maluerim.
493 3350 577 3414 Nam
598 3351 674 3433 quid
696 3352 820 3433 planius
843 3357 903 3429 est,
927 3371 1039 3434 quam,
1061 3353 1141 3416 sicut
1160 3352 1258 3417 verbo

97 3456 230 3538 simplici
261 3453 356 3518 deca
388 3456 537 3538 pulsandi
566 3457 654 3520 notio
683 3458 805 3536 subest,
846 3460 892 3523 ita
925 3457 1047 3534 ὠστίζω
1079 3458 1257 3538 significare

101 3583 213 3644 >saepe
242 3563 403 3645 pulsare«,
438 3564 518 3626 >huc
547 3563 620 3627 illuc
650 3565 784 3629 iactare«
815 3569 846 3628 et
874 3565 998 3629 similia!
1035 3565 1258 3646 Frequentatio

100 3670 198 3746 enim,
227 3672 264 3732 ut
286 3669 346 3734 hoc
368 3670 466 3733 verbe
487 3671 534 3732 uti
555 3670 660 3747 liceat,
686 3672 728 3735 ad
750 3672 908 3736 actionem
929 3671 1091 3736 verbalem
1113 3672 1257 3754 pertinet,

99 3795 163 3841 uon
184 3776 226 3840 ad
247 3795 364 3840 nomen
386 3775 523 3858 aliquod,
546 3777 632 3858 quod
653 3777 787 3841 fortasse
808 3779 987 3843 continetur
1009 3779 1121 3843 verbo!
1142 3813 1181 3823 -·
