2940 4492
789 161 811 226 6

303 338 519 420 Quamobrem
550 341 615 407 noli
642 345 773 424 putare,
795 342 918 422 omnia,
947 360 1029 425 quae
1057 341 1139 406 infra
1167 340 1382 424 ascripsimus,

221 447 379 512 vocabula
399 467 433 512 re
453 466 530 512 vera
550 447 592 513 ab
613 448 674 513 hoc
695 451 800 531 poeta,
822 448 944 513 etiamsi
964 449 1049 513 solus
1070 451 1127 513 aut
1147 447 1268 530 primus
1289 467 1328 512 ea
1349 447 1382 511 in

221 574 316 621 usum
337 573 466 620 vocasse
486 554 644 634 videatur,
673 555 804 620 inventa
824 557 909 621 esset
951 554 1014 621 Sed
1040 556 1124 620 ultra
1153 553 1383 620 dubitationem

221 661 367 745 progredi
387 681 454 726 non
475 661 595 727 licebit:
621 681 697 727 narn
719 682 792 728 curn
813 663 954 746 plerique
975 662 1172 744 superiorum
1194 661 1384 744 scriptorum

221 769 292 833 libri
314 788 353 832 ac
370 768 480 834 literae
500 771 557 834 aut
576 769 713 833 mutilati
734 769 775 833 ad
798 788 858 833 nos
878 770 1080 852 pervenerint
1103 771 1159 833 aut
1180 768 1310 833 omnino
1328 768 1385 832 de·

223 877 336 960 perditi
368 877 446 955 sint,
472 876 579 942 adhuc
610 876 740 959 quidem
771 877 896 956 omnia,
933 895 1016 959 quae
1042 895 1141 958 supra
1177 874 1384 953 distinximus

223 982 379 1048 vocabula
416 983 621 1066 Aristophani
672 983 830 1048 ascribere
870 983 974 1065 deque
1015 984 1051 1047 iis
1093 983 1245 1047 iudicium
1278 981 1384 1047 iacere

222 1090 383 1155 debemus.
430 1089 511 1153 illud
530 1109 606 1154 vero
635 1088 774 1155 maxime
797 1090 969 1154 dolendum
988 1095 1050 1168 est,
1081 1091 1168 1172 quod
1188 1089 1384 1172 reliquorum

221 1199 389 1280 po'e'tarum
425 1196 596 1261 comoediis
630 1197 815 1280 deperditis,
844 1196 921 1279 quid
954 1196 1139 1261 discriminis
1181 1196 1263 1260 inter
1297 1196 1385 1261 hunc

221 1306 350 1388 poetam
375 1305 407 1367 et
425 1303 492 1369 illos
513 1304 698 1382 intercedat,
720 1304 900 1368 accuratius
921 1304 1085 1386 exquirere
1106 1305 1284 1386 nequimus.

303 1410 447 1494 Denique
467 1411 545 1476 illud
565 1430 693 1494 quoque
715 1411 1035 1488 animadvertendum
1056 1413 1113 1490 est,
1136 1431 1202 1475 non
1224 1430 1262 1475 ea
1280 1409 1384 1475 solum

221 1518 387 1598 vocabula,
407 1537 489 1604 quae
504 1517 560 1582 Ar.
575 1521 699 1583 suomet
717 1519 844 1600 ingenio
865 1538 949 1583 nova
963 1519 1064 1597 finxit,
1074 1519 1131 1582 sed
1147 1518 1265 1597 onmia,
1284 1537 1384 1601 quae-

221 1645 347 1709 cunque
379 1625 499 1708 primus
529 1624 626 1689 literis
655 1624 779 1689 induxit
804 1625 854 1689 vel
881 1624 1005 1689 videtur
1025 1625 1198 1703 induxisse,
1237 1628 1384 1697 nostram

222 1733 452 1817 quaestionem,
474 1751 573 1814 quam
594 1750 690 1813 supra
710 1731 922 1811 definivimus
943 1751 1043 1814 prope
1065 1732 1227 1813 attingere.

301 1840 413 1922 ltaque
435 1857 549 1920 quum,
571 1856 731 1920 quaenam
754 1838 912 1903 vocabula
933 1838 1166 1921 Aristophaneo
1186 1838 1331 1920 putanda
1352 1843 1384 1905 et

220 1947 378 2013 hocloco
406 1946 573 2010 tractanda
596 1944 674 2022 sint,
705 1945 922 2024 statuerimus
954 1947 1017 2010 iam
1047 1945 1088 2010 de
1115 1947 1322 2029 explicatione
1352 1951 1384 2013 et

219 2054 447 2137 significatione
470 2071 574 2135 pauca
602 2052 635 2115 in
655 2052 840 2115 universum
861 2051 995 2116 dicenda
1015 2058 1097 2117 sunt.
1146 2055 1229 2119 Nam
1250 2055 1384 2120 fortasse

220 2182 373 2244 magnum
401 2180 494 2224 usum
523 2160 565 2224 ad
586 2158 799 2224 enucleandas
820 2158 991 2222 verborum
1016 2160 1160 2224 notiones
1189 2181 1229 2225 ex
1257 2160 1383 2226 scholiis

219 2291 278 2335 nos
295 2270 470 2353 percepisse
486 2267 629 2350 putabis:
651 2267 758 2345 immo,
779 2284 843 2348 quo
863 2266 1016 2329 maiorem
1038 2287 1168 2349 oporam
1187 2270 1220 2331 in
1242 2269 1383 2350 legendis

221 2375 482 2456 conferendisque
501 2373 625 2438 scholiis
646 2373 887 2455 Aristophaneis
910 2374 1186 2453 consumebamus,
1210 2395 1248 2439 eo
1270 2377 1383 2457 magis,

220 2503 287 2548 non
307 2482 409 2546 multa
429 2482 462 2544 in
488 2481 524 2545 iis
552 2500 637 2545 nova
659 2480 826 2558 contineri,
855 2480 1131 2561 intellegebamus3
1163 2502 1267 2565 neque
1296 2484 1383 2547 enim

220 2611 294 2656 raro
309 2593 354 2669 tit,
367 2593 412 2668 ut,
428 2607 510 2671 quae
525 2588 632 2652 multis
650 2587 693 2652 ibi
707 2588 811 2652 verbis
825 2587 865 2651 de
877 2587 1106 2653 vocabulorum
1128 2594 1159 2653 et
1175 2591 1384 2673 explicatione

221 2701 252 2762 et
272 2697 459 2763 formatione
480 2696 706 2779 explanantur,
736 2715 790 2774 ea,
821 2696 847 2758 si
868 2698 1016 2759 accurate
1035 2697 1179 2761 animuin
1200 2699 1384 2778 attenderis,

220 2807 254 2869 in
281 2806 356 2887 ipsis
384 2806 497 2886 poetae
524 2803 628 2867 verbis
656 2803 757 2866 inesse
788 2803 845 2867 tibi
865 2803 1075 2884 persuadeas:
1105 2806 1141 2867 ut
1168 2808 1251 2871 recte
1282 2807 1385 2887 egisse

220 2913 312 2976 nobis
332 2911 514 2989 videamur,
543 2910 671 2973 cumin
694 2908 880 2991 explicanda
903 2910 1133 2974 vocabulorum
1153 2911 1385 2993 significatione

220 3022 365 3085 nostrum
406 3018 593 3100 plerumque
630 3016 780 3080 iudicium
818 3017 915 3082 secuti
952 3017 1123 3081 verborum
1157 3019 1302 3083 notiones
1343 3039 1385 3085 ex

220 3127 377 3191 sententia
404 3145 443 3191 ac
463 3125 507 3204 vi,
542 3144 625 3207 quae
653 3124 711 3188 toti
733 3124 803 3187 loco
824 3123 922 3202 inest,
953 3124 1153 3189 deducendas
1183 3146 1251 3190 esse
1279 3127 1384 3191 existi-

221 3253 382 3298 maremus
404 3232 593 3297 scholiastae
611 3230 714 3295 verbis
734 3231 836 3295 rarius
858 3231 981 3294 additis.

301 3341 364 3406 Sed
384 3341 448 3405 iam
474 3359 543 3405 rem
572 3339 674 3421 ipsam
695 3338 932 3420 aggrediamur,
967 3359 1065 3422 quam
1092 3338 1136 3403 ita
1157 3340 1386 3422 distribuimus

222 3454 258 3513 ut
278 3448 381 3531 priore
403 3448 484 3512 libro
506 3466 641 3530 agamus
664 3446 709 3510 de
730 3446 958 3511 formatione
981 3447 1267 3511 vocabulorum.
