2940 4492
599 195 601 198 ’
715 200 757 264 u

156 379 249 460 panis
264 378 361 442 durus
376 381 407 442 et
420 379 537 459 gravis3
556 375 679 459 κότινος
693 378 743 442 Ar
757 379 826 456 691,
850 379 995 443 oleaster:
1018 379 1104 461 quod
1118 397 1237 442 nomen
1258 378 1316 441 etsi

157 486 277 569 primus
284 485 336 549 hic
343 488 437 567 poeta
444 486 477 548 in
484 504 578 550 usum
588 486 722 563 vocavit,
730 488 837 550 tamen
847 506 919 550 eum
928 486 1054 550 finxisse
1063 486 1221 568 putaveris
1228 504 1315 549 cave.

238 605 420 691 copulator
440 608 468 670 V
485 608 564 672 1364
583 608 712 673 nomine
734 612 790 673 aut
811 610 909 673 subst.
930 612 986 673 aut
1008 609 1161 674 adiectivo
1182 609 1317 673 obscuro

158 719 287 780 notatur
307 715 404 780 homo
424 715 546 779 stultus.
568 710 629 776 ἅττ.
652 714 713 796 ny.

278 891 304 935 c.
346 871 507 936 Nomina
528 872 667 936 comice
688 874 724 935 et
749 873 876 936 iocose
905 872 1014 949 ficta,
1044 892 1127 954 quae
1155 875 1211 936 aut
1242 892 1317 939 cum

159 977 377 1042 deverbalibus
414 981 471 1042 aut
507 997 581 1042 cum
614 977 856 1043 denominativis
894 980 1115 1060 cognationem
1153 979 1316 1060 quandam

157 1084 293 1149 habent:
315 1103 380 1167 quo
399 1086 432 1148 in
452 1104 585 1149 numero
616 1085 773 1166 permulta
799 1087 931 1151 nomina
957 1086 1084 1168 propria
1112 1090 1202 1162 sunt,
1232 1105 1316 1168 quae

157 1191 208 1254 ille
227 1191 356 1255 detorsit
377 1195 408 1255 et
429 1191 593 1271 pervertit,
615 1192 659 1255 ita
681 1195 717 1254 ut
738 1192 846 1273 paucis
869 1191 961 1263 literis
983 1193 1111 1256 mutatis
1133 1194 1235 1257 iocum
1260 1192 1317 1256 ali-

158 1317 254 1379 quem
286 1301 318 1361 et
345 1297 449 1362 lusum
483 1297 688 1378 significaret:
720 1318 803 1380 quae
834 1300 941 1362 omnia
975 1318 1047 1362 cum
1075 1298 1135 1362 hoc
1163 1299 1232 1363 loco
1264 1319 1317 1363 ex-

157 1400 289 1487 planare
304 1404 434 1485 longum
450 1404 498 1482 sit,
505 1404 608 1484 relego
616 1405 657 1468 ad
666 1403 842 1485 Holzingeri
849 1404 990 1468 libellum
997 1423 1094 1486 supra
1101 1405 1276 1482 laudatum,
1285 1409 1317 1469 et

157 1511 199 1575 ad
214 1511 373 1588 editiones,
394 1511 509 1593 quibus
529 1511 629 1576 multa
648 1512 687 1575 de
707 1512 914 1593 explicatione
932 1512 1102 1575 adduntur.
1136 1512 1230 1576 Tales
1245 1532 1316 1576 ver-

155 1619 269 1682 borum
288 1617 374 1680 lusus
396 1637 506 1682 omnes
526 1619 590 1682 fere
612 1638 678 1682 esse
690 1615 786 1693 ἅπαξ
807 1617 958 1701 εἰρημένα
981 1623 1230 1683 consentaneum
1253 1598 1315 1683 est:

242 1747 411 1828 Καταγέλα
425 1749 453 1812 Α
467 1750 541 1824 606;
563 1748 798 1831 ΜαριλάδηςΑ
813 1751 887 1824 609;
909 1749 1101 1832 Δράκυλλος,
1116 1750 1318 1832 ovacerum,-

155 1853 310 1936 Πρινίδης
330 1855 359 1920 Α
381 1856 457 1931 6123
484 1854 653 1918 Κλωπίδαι
674 1856 699 1919 Ε
721 1857 777 1933 79,
798 1857 910 1921 demus
930 1858 972 1921 ab
993 1858 1046 1921 Ar.
1069 1858 1185 1921 comice
1206 1858 1316 1921 fictus:

156 1981 220 2044 qua
250 1981 327 2025 voce
360 1962 400 2025 de
428 1961 523 2050 κλῶψ
551 1961 688 2026 deducta
718 1966 812 2044 poeta
837 1964 940 2027 illudit
959 1964 1107 2028 Cleonem
1137 1968 1172 2028 ut
1195 1967 1315 2028 iurem:

155 2067 173 2129 ὁ
195 2067 233 2130 δὲ
255 2069 329 2141 νοῦς
349 2069 386 2130 ἐν
400 2067 579 2131 Κλωπιδῶν
592 2068 711 2144 Schol.;
732 2069 893 2152 κριοπίδης
909 2075 1017 2135 aulem
1036 2091 1128 2135 verae
1150 2071 1316 2135 cuiusdam

156 2175 260 2256 gentis
280 2175 481 2241 Atheniensis
502 2176 577 2240 civis
596 2179 672 2240 erat.

239 2303 464 2380 §evacuaretur
483 2299 509 2362 E
530 2300 608 2377 437,
639 2303 752 2363 ventus
782 2302 912 2382 quidam
941 2303 1059 2366 comice
1088 2303 1196 2378 lictuS,
1226 2321 1317 2384 syco-

155 2407 349 2489 phantarum
372 2406 494 2470 scilicet.
537 2405 641 2469 Verba
669 2409 744 2469 sunt
772 2407 866 2471 haec:
902 2411 983 2468 ττνεί
1000 2412 1124 2480 καικίας
1145 2407 1197 2468 καὶ
1222 2423 1315 2469 οοκο-

157 2517 312 2595 φαντίας,·
333 2512 387 2576 ubi
408 2516 532 2584 καικίας
544 2531 662 2576 nomen
678 2514 803 2594 proprie
825 2513 978 2594 significat
999 2518 1130 2578 ventum
1152 2513 1315 2595 quendam

154 2619 440 2702 septentrionalem,
462 2618 517 2683 sed
540 2619 614 2702 quia
628 2619 772 2684 hocloco
787 2639 860 2683 curn
876 2624 1093 2702 συκοφαντίας
1109 2620 1314 2683 coniunctum

154 2731 216 2804 est,
252 2727 469 2808 unusquisque
497 2725 662 2805 intellegit:
696 2728 760 2789 olet
789 2726 942 2790 malitiam
972 2723 1136 2807 (καικίας)
1167 2729 1198 2788 et
1228 2745 1316 2807 syco-

155 2833 351 2916 phantarum
372 2837 486 2897 artem.

237 2937 388 3003 Σκίταλοι
409 2939 435 3002 Ε
453 2939 531 3013 63l;
555 2942 757 3019 Βερέσεχθοι
779 2939 804 3002 Ε
825 2927 894 3002 635.

235 3043 450 3126 Στιλβωνίδης
470 3046 521 3108 Av
544 3045 617 3120 1393
637 3043 817 3125 Στρούθιος
837 3046 888 3109 Av
911 3045 999 3110 1077.

238 3155 388 3224 Καπνίοις
410 3151 436 3213 V
459 3153 534 3228 1513
558 3156 747 3233 Καρκινίτης
767 3152 795 3214 V
818 3154 911 3226 1505;
934 3149 1131 3231 Κομπαοειίς
1153 3152 1203 3214 Av
1226 3153 1316 3215 llud.

146 3270 151 3284 '
237 3257 398 3340 Στάμνιος
416 3259 447 3323 R
468 3259 522 3334 223
543 3256 764 3341 Ἀχραδούσιος
783 3258 826 3322 Ec
847 3260 916 3322 369.
946 3257 1172 3341 Ἀναφλύστιος
1191 3259 1222 3322 R
1243 3259 1316 3323 4⁶27.

238 3364 427 3448 Γηρυτοίδης
448 3368 475 3430 fr
498 3367 591 3444 199³,
613 3364 821 3448 Χαιρητάδης
841 3366 884 3430 Ec
904 3367 953 3429 51.

238 3469 440 3552 Νωνακριειίς
457 3473 485 3536 fr
505 3475 575 3537 655.
653 3526 656 3539 ,

235 3577 408 3654 Ὀτοτιίξιοι
428 3581 487 3644 Ar.
512 3581 605 3657 1043,
627 3581 746 3644 incolae
768 3580 853 3644 urbis
876 3579 994 3642 comice
1015 3579 1123 3652 fictam
1146 3575 1318 3660 (ὀτότοξος

155 3687 241 3749 enim
261 3690 308 3750 est
329 3706 385 3764 ea,
418 3707 500 3769 quae
530 3688 710 3752 miseranda
737 3692 802 3764 est,
840 3687 887 3750 vel
919 3706 1002 3768 quae
1032 3684 1228 3765 miseratur):
1264 3687 1315 3749 cui

155 3791 275 3855 nomini
296 3793 455 3874 praecedit
470 3765 589 3857 'similet
608 3791 797 3876 Ὀλοφύξιοι,
819 3793 906 3857 urbis
921 3792 1084 3868 Thraciae,
1100 3811 1182 3874 quae
1206 3812 1318 3856 revera

157 3900 260 3976 extat,
292 3898 428 3974 incolae3
459 3900 568 3978 (huius
599 3902 733 3964 nominis
764 3919 836 3963 cum
869 3897 1053 3980 ὀλοφύζειν,
1088 3896 1319 3979 ὀλοφύρεσθαι

157 4005 259 4070 verbis
279 4006 425 4089 cognatio
446 4007 621 4088 ignoranda
642 4027 705 4071 non
733 4006 802 4087 est.)
845 4005 956 4087 ltaque
978 4005 1084 4068 similis
1105 4006 1200 4081 iocus,
1218 4025 1319 4087 quem
