2956 4492
719 201 760 266 20

157 383 259 448 forma
280 382 468 460 adhibetur,
497 399 607 444 verum
636 381 732 444 etiam
755 380 797 443 ad
817 379 993 444 illudendas
1016 384 1048 445 et
1069 381 1243 447 irridendos
1265 401 1315 445 res

156 488 339 554 hominesve
347 487 527 569 saepissime
534 486 745 561 deminutivae
752 486 917 568 primariis
932 507 1014 569 quae
1027 492 1191 567 vocantur,
1207 489 1316 552 formis

157 599 291 678 apodta
313 596 432 659 comico
454 595 692 677 praeferuntur:
724 613 788 677 qua
809 594 842 656 in
863 613 897 656 re
920 594 996 658 illud
1020 615 1148 679 quoque
1170 596 1316 659 conside-

156 703 292 765 randum
320 705 382 778 est,
413 701 611 765 comoediam
641 701 786 777 atticam,
816 701 931 783 quippe
960 721 1043 784 quae
1072 704 1104 765 in
1135 703 1316 766 hominihus

82 797 87 803 ’
158 808 456 890 condicionibusque
490 808 684 890 exagitandis
719 812 877 885 versetur,
913 827 1092 872 sermonem
1128 808 1315 891 popularem

158 914 382 997 vulgaremque
392 919 534 979 secutam
546 919 576 978 et
587 915 741 979 imitatam
753 934 835 990 esse3
848 914 922 978 huie
933 918 1041 980 autem
1051 916 1187 979 sermoni
1197 915 1316 980 formas

161 1021 372 1086 deminutivas
393 1023 494 1103 magis
522 1023 707 1099 convenire,
736 1041 834 1104 quam
860 1022 945 1102 gravi
968 1022 1113 1104 Aeschyli
1134 1026 1166 1086 et
1186 1023 1316 1087 Homeri

158 1127 285 1191 dictioni
306 1129 376 1210 quis
395 1148 461 1192 non
483 1129 591 1193 videt?
640 1129 730 1207 Quae
757 1147 858 1210 quum
885 1128 929 1191 ita
959 1129 1036 1207 sint,
1058 1130 1148 1193 facile
1171 1130 1317 1212 explicari

158 1214 261 1317 potest
290 1234 382 1312 illud,
414 1234 500 1317 quod
531 1235 759 1316 Aristophanes
788 1254 854 1299 non
884 1237 1009 1299 tantum
1039 1254 1088 1298 res
1116 1237 1317 1318 rationesque

157 1339 189 1424 (i.
212 1361 237 1404 e.
267 1362 352 1405 nom.
383 1341 602 1424 appellativa),
635 1343 689 1407 sed
719 1342 813 1407 etiam
842 1343 973 1406 nomina
1002 1344 1129 1424 propria
1158 1344 1316 1408 interdum

158 1447 261 1512 forma
282 1449 478 1513 deminutiva
499 1449 695 1513 adhibitam
717 1468 845 1512 scenam
867 1450 969 1514 traxit.

238 1554 330 1632 Quod
351 1561 461 1619 autem
480 1557 702 1621 formationem
719 1556 812 1620 huius
826 1557 931 1620 elassis
946 1558 1069 1635 attinet,
1086 1558 1118 1620 in
1134 1559 1317 1621 universum

158 1662 305 1724 contendi
316 1665 426 1744 potest,
443 1663 688 1745 Aristophanem
700 1663 837 1740 easdem,
854 1682 933 1745 quas
944 1664 1061 1744 priores
1076 1666 1106 1726 et
1121 1665 1317 1745 posteriores

158 1767 241 1848 leges
271 1768 429 1833 formandi
458 1770 563 1853 sequi:
593 1770 625 1832 in
653 1768 779 1850 singulis
806 1772 914 1832 autem
935 1770 979 1833 ita
1000 1789 1073 1833 eum
1095 1770 1203 1851 vagari
1223 1789 1319 1852 saepe

158 1874 318 1953 videmuS,
343 1879 397 1953 ut,
419 1879 562 1940 certasne
593 1876 678 1958 leges
699 1876 739 1940 de
760 1884 820 1939 usu
849 1878 879 1938 et
900 1876 1029 1938 notione
1051 1877 1318 1940 deminutivorum

158 1980 465 2063 Aristophaneorum
499 1986 638 2048 statuere
666 1983 780 2064 possis,
815 1982 906 2045 valde
936 1982 1152 2045 dubitaverim.
1209 1983 1320 2065 Neque

159 2088 242 2150 enim
266 2107 337 2151 raro
359 2088 399 2152 de
420 2088 532 2152 eadem
554 2109 630 2153 voce
656 2089 819 2170 complura
841 2089 1036 2152 deminutiva
1053 2091 1120 2153 sine
1139 2089 1204 2152 ulla
1225 2090 1319 2170 signi-

158 2193 310 2258 ficationis
338 2195 538 2259 distinetione
559 2196 725 2273 derivavit,
754 2195 840 2259 velut
863 2196 902 2258 de
925 2199 1018 2268 παῑςε
1043 2196 1177 2257 παιδίον
1199 2195 1317 2278 (saepe)

51 2355 53 2360 .
156 2303 188 2364 et
203 2298 377 2381 παιδάριον
392 2301 420 2365 Ν
435 2302 505 2379 821,
528 2302 568 2366 de
589 2301 682 2386 οἷνήρε
705 2301 880 2383 ἅνδροὲριον
894 2304 924 2367 Α
938 2303 997 2367 517
1019 2307 1051 2367 et
1074 2302 1208 2385 ιέιδριόι
1227 2303 1318 2367 Ρ51.

159 2407 321 2471 Interdum
335 2414 441 2474 autem
465 2409 648 2493 »dupliciter
664 2409 886 2486 deminutiva«
908 2428 990 2491 quae
1005 2429 1166 2488 vocamus
1188 2410 1321 2475 deduxit

159 2514 208 2578 ille
230 2535 250 2578 a
270 2517 398 2580 nomine
420 2518 536 2599 aliquo,
560 2536 643 2600 quae
664 2518 708 2581 ita
727 2517 918 2594 formantur,
942 2519 977 2579 ut
999 2517 1100 2580 forma
1124 2516 1320 2580 deminutiva

159 2621 198 2686 de
233 2623 361 2686 nomine
400 2625 542 2688 derivata
575 2627 689 2689 iterum
724 2624 926 2688 deminuatur
964 2623 1063 2687 altera
1098 2623 1321 2687 terminatione

158 2730 353 2794 deminutiva
382 2731 491 2795 addila
520 2732 606 2796 velut
634 2729 792 2812 axovdlq
813 2735 924 2794 manat
943 2728 1125 2802 κοιύλισκος
1147 2734 1177 2794 et
1198 2729 1322 2792 κοτυλί-

162 2857 249 2899 σκιον
269 2837 300 2901 Α
320 2837 390 2900 459.

242 2944 341 3008 Unius
370 2963 444 3006 vero
466 2944 601 3008 nominis
624 2944 742 3008 formae
772 2944 1002 3021 deminutivae,
1033 2963 1115 3027 quae
1145 2944 1323 3007 accuratius

160 3051 398 3133 perlustrentur,
419 3050 534 3132 dignae
555 3052 701 3115 videntur
723 3071 806 3115 esse:
829 3051 875 3114 De
897 3050 1006 3129 χλανίς
1028 3071 1104 3115 voce
1119 3051 1323 3115 usitatissima

157 3159 236 3222 haec
264 3178 397 3221 manare
431 3158 574 3221 videmus
602 3159 750 3223 nomina:
785 3157 970 3242 χλοέιισκος,
1006 3156 1104 3240 (quod
1131 3157 1243 3222 Pollux
1280 3178 1323 3222 ex

160 3267 279 3330 comioo
301 3265 418 3347 aliquo,
440 3268 475 3329 ut
497 3265 633 3342 videtur,
656 3269 751 3346 poeta
772 3262 969 3346 desumpsit),
990 3265 1176 3344 glarfonror
1196 3265 1225 3328 A
1247 3265 1322 3343 519,

158 3372 377 3451 χλαιίσιίδιον
404 3372 430 3435 Ρ
454 3372 532 3435 10οἳ
565 3367 625 3433 dn.
648 3372 676 3435 λ.
714 3407 751 3416 -
782 3373 847 3435 lam
878 3391 953 3435 vero
984 3372 1023 3435 de
1052 3372 1164 3434 eodem
1191 3372 1324 3436 nomine

160 3480 270 3560 glorta
283 3481 436 3560 originem
451 3479 536 3543 ducit
551 3480 653 3543 forma
667 3477 842 3558 χλανίδιον,
863 3478 973 3561 (quam
995 3480 1119 3560 praeter
1140 3477 1217 3540 alios
1239 3497 1323 3542 non·

162 3588 264 3651 nullos
277 3589 445 3668 scriptores
453 3586 507 3650 Ar.
516 3586 675 3669 quoqueL
689 3586 768 3650 1189
777 3583 964 3668 usurpavit);
981 3585 1020 3648 de
1035 3585 1096 3649 hac
1103 3584 1324 3650 Aristaenetus

160 3693 379 3773 χλαιιιδίσκιον
402 3694 561 3758 derivavit.

242 3801 308 3864 lam
322 3801 543 3882 aggrediamur
553 3801 621 3882 ipsa
633 3800 785 3882 exempla,
802 3819 883 3883 quae
896 3801 939 3863 ita
952 3801 1069 3882 optime
1081 3799 1322 3878 distribuuntur,

161 3911 197 3971 ut
226 3908 462 3972 terminationes
494 3908 637 3971 divisioni
664 3909 874 3972 fundamento
901 3907 1063 3971 iaciaotur.
1093 3941 1133 3950 -
1161 3906 1223 3970 Sed
1245 3925 1323 3970 eum
1393 3924 1400 3943 ·

163 4017 279 4094 omnia,
295 4035 377 4097 quae
385 4015 612 4097 Aristophanes
620 4014 966 4096 formavit,enumerare
974 4013 1151 4095 longumsit
1166 4032 1223 4078 neo
1232 4014 1323 4097 quic-
