2940 4492
178 1461 288 1591 Hoc
311 1528 417 1592 seculo
439 1548 513 1592 curn
534 1529 564 1608 ii,
583 1530 638 1611 qui
659 1529 701 1593 ad
722 1529 919 1612 antiquitatis
941 1527 1046 1592 studia
1068 1546 1101 1591 se
1122 1527 1336 1605 contulerunt,

178 1634 401 1714 grammaticas
421 1635 562 1717 inprimis
584 1656 634 1698 res
655 1655 782 1699 summa
803 1636 963 1717 diligentia
981 1634 1189 1698 tractaverint
1212 1636 1245 1697 et
1266 1653 1337 1716 per-

179 1741 416 1821 vestigarermt,
451 1761 556 1823 neque
589 1741 671 1805 ullus
701 1742 765 1805 fere
793 1741 899 1806 adhuc
924 1745 1010 1806 extet
1036 1739 1130 1804 huius
1157 1739 1339 1822 disciplinae

177 1845 282 1924 locus,
311 1847 349 1910 de
371 1868 436 1931 quo
458 1867 524 1912 non
545 1850 621 1912 satis
642 1849 744 1913 multa
764 1850 882 1932 scripta
904 1850 982 1928 sint,
1004 1849 1082 1912 alias
1103 1847 1226 1929 aliquas
1245 1846 1340 1911 huius

177 1951 367 2034 philologiae
383 1957 501 2036 parteS,
512 1954 780 2037 lexicographiam
800 1958 832 2019 et
850 1955 1079 2019 vocabulorum
1097 1953 1339 2018 formandorum

177 2060 348 2138 rationem,
381 2062 482 2142 magis
513 2081 611 2145 quam
641 2081 699 2144 par
727 2064 775 2126 est
809 2062 1007 2145 posthabitas
1041 2081 1109 2125 esse
1139 2061 1341 2126 consentiunt

178 2167 237 2230 viri
264 2167 357 2230 docti.
418 2168 501 2231 Nam
531 2169 588 2231 etsi
615 2168 840 2250 plerorumque
867 2168 1110 2245 vocabulorum,
1137 2187 1220 2250 quae
1245 2166 1341 2231 literis

178 2274 296 2337 tradita
322 2273 363 2337 ad
393 2294 451 2337 nos
479 2278 707 2357 pervenerunt,
740 2275 862 2339 radices
890 2277 922 2339 et
948 2275 1069 2357 primae
1098 2273 1340 2354 significationes

178 2381 327 2445 inventae
347 2385 422 2445 sunt
451 2385 483 2444 et
509 2383 541 2445 in
562 2382 709 2446 omnibus
733 2383 838 2446 lexicis
858 2382 1024 2464 leguntur,
1053 2381 1110 2445 etsi
1132 2381 1171 2445 de
1192 2381 1340 2445 universa

178 2487 373 2552 Graecorum
409 2491 441 2552 et
470 2489 629 2553 formandi
667 2492 698 2553 et
734 2489 947 2572 componendi
984 2488 1107 2553 ratione
1140 2487 1242 2552 multa
1278 2487 1343 2552 iarn

181 2594 344 2677 explorata
365 2598 448 2672 sunt,
470 2597 578 2658 tamen
599 2615 665 2659 non
687 2595 761 2672 satis
782 2596 931 2659 caraem
951 2595 1125 2659 tractandis
1145 2595 1342 2676 singulorum

181 2705 329 2764 autorum
356 2702 555 2765 sermonibus
576 2701 762 2766 collocatum
782 2705 846 2766 est:
877 2722 1016 2784 quorum
1044 2722 1128 2785 quae
1158 2701 1251 2766 hierit
1271 2721 1342 2765 rer-

179 2806 294 2872 borum
316 2810 422 2890 copia,
451 2809 642 2891 quibusnam
663 2809 756 2873 rebus
784 2811 842 2873 aut
869 2809 910 2873 ab
938 2809 974 2872 iis
996 2809 1050 2892 qui
1071 2808 1265 2873 antecedunt
1286 2811 1343 2873 aut

179 2914 215 2977 iis
231 2915 284 2997 qui
300 2919 476 2997 sequuntur
490 2915 647 2995 differant,
669 2935 749 2998 quas
763 2915 904 2980 habeant
917 2915 1070 2979 sermonis
1087 2935 1170 2998 quae
1185 2919 1341 2980 vocantur

177 3021 388 3103 proprietates
417 3022 450 3085 in
478 3021 706 3087 vocabulorum
734 3025 791 3086 aut
812 3022 1001 3086 formatione
1031 3025 1087 3087 aut
1116 3022 1342 3104 compositione

179 3131 237 3192 aut
262 3128 502 3210 significatione,
538 3129 618 3193 haec
652 3149 730 3193 sane
761 3129 906 3211 neglecta
939 3130 981 3193 ab
1009 3128 1103 3193 huius
1130 3129 1243 3193 aetatis
1270 3129 1342 3192 viris

178 3235 282 3299 doctis
311 3236 356 3299 ita
381 3239 473 3313 sunt,
508 3239 544 3298 ut
572 3255 612 3299 ne
642 3237 675 3300 in
702 3236 807 3301 lexicis
834 3235 1021 3318 specialibus
1042 3235 1185 3318 quidem,
1218 3238 1254 3299 ut
1281 3236 1343 3300 hoc

178 3343 279 3407 verbo
301 3344 348 3405 uti
367 3343 466 3419 liceat,
487 3342 519 3404 in
542 3342 802 3425 disceptationem
825 3345 938 3406 vocata
959 3342 1034 3418 sint;
1059 3341 1284 3425 (quamquam,
1307 3344 1343 3405 ut

178 3451 216 3515 G.
239 3449 442 3528 Dindorlii,
464 3449 518 3534 qui
537 3449 657 3514 lexicon
674 3451 886 3533 Aeschyleum
908 3449 1015 3527 edidit,
1038 3449 1141 3513 verbis
1162 3452 1245 3528 utar,
1267 3449 1343 3513 talia

179 3557 352 3640 peculiaria
367 3557 479 3620 melius
494 3558 687 3623 coniunctim
700 3559 870 3640 proposita,
890 3576 988 3639 quam
1009 3576 1066 3638 per
1087 3556 1186 3621 lexica
1202 3557 1343 3639 dispersa

179 3665 300 3746 percipi
323 3665 489 3728 fatendum
510 3663 594 3744 esti).

264 3772 371 3852 Atque
398 3790 497 3853 quum
526 3771 565 3834 de
593 3770 738 3848 Homeri,
768 3770 931 3852 Aeschyli,
954 3770 1117 3852 Sophoclis
1145 3770 1343 3851 aliorumque

180 3859 329 3943 sermone
342 3898 408 3940 non
423 3897 545 3959 paucae
561 3879 695 3960 scriptae
709 3878 772 3940 sint
785 3878 1077 3956 commentationes
1088 3877 1203 3959 quibus
1218 3876 1343 3958 aliquae

179 3986 296 4050 saltem
318 4004 377 4064 res,
398 4003 481 4066 quae
503 3985 545 4050 ad
565 3983 642 4064 illas,
663 4004 743 4067 quas
764 3986 915 4065 diximuS,
936 3985 1138 4067 quaestiones
1158 3984 1345 4068 pertineant,

1149 4091 1162 4143 1
