2940 4492
668 192 709 258 47

98 368 143 439 'in
159 376 256 438 verbo
270 369 495 453 α’π-αιθριάζω
509 371 697 452 praepositio
711 368 781 431 οἰπό
797 371 839 433 ad
853 370 931 436 nihil
944 370 1004 434 nisi
1019 369 1061 434 ad
1076 369 1270 432 efferendam

43 535 48 545 .
91 482 175 554 ‚vim
195 481 284 544 verbi
304 480 450 563 pertinet,
472 483 508 541 ut
528 481 580 540 sit:
605 496 759 560 prorsus
781 496 927 540 serenum
953 477 1086 541 reddere
1108 475 1272 556 (coelum);

111 585 271 670 αἰθριάζω
307 591 431 662 antem,
468 586 554 667 quod
584 585 792 666 Hippocrates
825 588 856 646 et
888 584 1069 648 Aristoteles
1105 586 1270 664 usurpant,

111 694 279 775 significat:
302 714 447 758 serenum
467 693 604 757 reddere.
636 690 750 765 Verbo,
772 691 858 777 quod
870 695 917 754 est
930 692 1189 773 ἅπ-ανθρακίζω,
1210 689 1272 752 alia

111 803 157 865 vis
179 821 244 865 non
266 801 346 863 inest
368 801 425 862 nisi
442 819 524 880 quae
540 798 670 878 simplici
686 797 784 860 verbo
806 797 1005 879 α’νθρικκίζωι
1025 798 1057 860 in
1079 796 1270 860 carbonibus

111 927 256 990 coquere.
312 907 463 986 Exempla
491 905 725 985 Aristophaneo
752 907 826 966 sunt
859 903 1068 982 α’να-χάσκω,
1098 902 1272 981 δια-λείχω,

112 1012 302 1089 dra-otrico,
328 1011 496 1092 σιν-ζώκνμι
512 1012 674 1092 multaque
690 1011 760 1074 alia.
790 1011 872 1074 Huic
888 1010 978 1073 classi
992 1013 1023 1073 et
1042 1011 1099 1092 ipsi
1119 1030 1272 1090 magnum

112 1121 250 1203 spatium
270 1120 301 1182 in
323 1120 550 1200 compositione
571 1118 805 1199 Aristophaneo
824 1116 971 1180 debetur:
995 1136 1032 1179 ac
1051 1122 1194 1180 nostrum
1215 1118 1272 1181 erit

110 1227 278 1307 inquirere,
293 1245 451 1306 quaenam
462 1225 658 1306 potissimum
670 1224 917 1304 praepositiones
927 1223 1013 1303 apud
1022 1222 1270 1303 Aristophanem

110 1334 194 1397 hanc
214 1333 277 1395 vim
299 1331 573 1412 amplificativam,
602 1334 638 1392 ut
660 1331 702 1393 ita
735 1331 853 1407 dicam,
884 1330 1034 1393 habeant.
1084 1331 1144 1406 At,
1174 1363 1212 1374 -
1240 1330 1271 1392 id

110 1438 197 1520 quod
217 1458 256 1503 ex
278 1440 345 1519 ipsa
367 1439 574 1519 explicatione
598 1457 669 1500 mea
695 1437 812 1513 elucet,
836 1472 874 1480 -
896 1437 1063 1500 discrimen
1083 1439 1164 1500 inter
1186 1437 1269 1500 hanc

110 1547 244 1610 classem
273 1550 303 1608 et
331 1547 523 1626 superiorem
551 1564 646 1624 saepe
674 1548 769 1607 tenue
799 1564 836 1607 ac
854 1563 991 1625 parvum
1011 1547 1058 1606 est
1077 1563 1115 1607 ac
1134 1543 1271 1607 dubitari

108 1653 269 1717 interdum
291 1656 411 1734 potest,
441 1672 482 1714 an
506 1653 584 1713 haec
614 1652 722 1714 omnia
748 1652 893 1733 exempla
923 1650 1055 1731 (primae
1082 1655 1112 1713 et
1143 1651 1270 1714 alterius

109 1758 227 1838 classis)
249 1760 362 1823 rectius
385 1760 488 1822 eidem
510 1759 601 1821 classi
622 1758 828 1839 ascripserim.

191 1865 431 1928 Accuratissime
469 1868 576 1928 autem
614 1864 729 1927 horum
769 1864 906 1927 duorum
942 1883 1092 1943 generum
1127 1864 1271 1946 exempla

109 1973 331 2052 distinguenda
345 1976 419 2034 sunt
431 1992 451 2034 a
465 1973 558 2034 tertia
573 1971 673 2047 classi,
687 1971 728 2033 ad
744 1991 842 2052 quam
855 1970 1015 2053 pertinent
1032 1990 1070 2033 ea
1085 1970 1269 2053 composita,

109 2098 243 2159 quorum
266 2081 330 2140 vim
352 2082 383 2142 et
406 2079 568 2141 notionem
580 2078 854 2158 Schoemannus*)
877 2079 996 2160 optime
1018 2077 1173 2157 explicuit,
1195 2098 1268 2140 cum

108 2185 197 2249 dicit:
239 2185 312 2247 »Die
348 2186 547 2266 Praposition
586 2185 701 2247 driickt
740 2186 797 2248 das
837 2185 1014 2248 Verhttltnis
1050 2203 1122 2246 zum
1155 2185 1267 2248 innern

108 2291 440 2373 Ve1·balobjectaus«;
465 2293 549 2355 velut
568 2293 593 2354 si
616 2293 793 2368 ἐκ-κοκκίζω
815 2293 963 2372 legimuS,
986 2290 1086 2372 (quod
1108 2295 1169 2353 est:
1191 2311 1269 2355 enu-

109 2397 232 2478 cleare),
255 2399 343 2463 facile
357 2399 517 2478 intelleges
537 2399 623 2461 aliud
639 2400 757 2481 aliquid
774 2402 872 2462 inesse
893 2398 924 2462 in
947 2398 1040 2460 huius
1061 2398 1147 2461 verbi
1170 2418 1269 2461 mem-

108 2508 237 2569 brorum
257 2506 425 2583 relatione,
448 2526 546 2586 quam
568 2508 600 2568 in
623 2504 786 2587 aig-pepon
807 2509 838 2568 in
862 2507 911 2568 illo
934 2506 1019 2568 enim
1041 2524 1079 2568 ea
1099 2507 1161 2582 viS,
1184 2525 1267 2588 quae

108 2612 339 2694 praepositione
373 2612 407 2671 ἐκ
435 2613 630 2688 continetur,
654 2613 850 2675 connectitur
876 2616 907 2674 et
934 2615 1003 2675 arte
1030 2613 1176 2677 coalescit
1196 2633 1268 2677 cum

108 2738 145 2781 eo
167 2718 305 2795 obiectu,
327 2718 412 2798 quod
435 2720 514 2781 inest
536 2719 567 2780 in
589 2719 707 2782 verbali
729 2722 817 2800 parte
839 2720 1017 2802 compositi,
1039 2724 1178 2798 κοκκίζω,
1200 2740 1266 2784 non

109 2845 183 2888 cum
205 2825 273 2906 ipsa
296 2825 385 2887 verbi
406 2826 544 2903 notione,
567 2827 611 2889 ita
633 2831 668 2889 ut
689 2828 744 2889 sit:
766 2825 825 2887 τόν
846 2823 960 2887 κόκκον
983 2827 1131 2908 ἐξαιρεῖν.

189 2932 332 2995 Primum
354 2937 462 2994 autem
487 2952 597 2995 eorum
626 2953 795 3012 generum,
824 2952 906 3020 quae
936 2953 1032 3015 snpra
1060 2935 1266 3013 distinximus

106 3040 204 3120 idque
235 3039 499 3120 simplicissimum
527 3044 558 3102 et
584 3041 720 3102 maxime
750 3042 953 3121 perspicuum
981 3042 1045 3105 iam
1073 3041 1159 3122 apud
1186 3043 1269 3105 anti-

106 3147 223 3227 quioris
239 3148 350 3208 aetatis
365 3150 396 3208 et
412 3151 557 3210 auctores
572 3150 602 3210 et
617 3150 727 3227 poetas
747 3147 809 3211 late
830 3151 938 3228 patere
961 3148 1110 3210 intellexi:
1134 3146 1268 3213 alterurn

107 3253 239 3334 quidem
270 3253 435 3333 paullatim
467 3273 592 3334 serpere
623 3254 725 3335 coepit
757 3255 788 3315 et
819 3253 1039 3334 Aristophanis
1073 3256 1267 3336 temporibus

105 3359 197 3421 valde
226 3360 377 3422 usitatum
400 3379 521 3441 usuque
544 3363 705 3440 receptum
727 3363 809 3434 erat3
837 3360 963 3423 tertium
986 3360 1121 3444 denique
1143 3362 1267 3426 abhoc

108 3470 203 3548 poeta
243 3465 345 3529 multo
384 3466 578 3547 frequentius
617 3467 649 3528 in
686 3487 778 3530 usum
813 3471 962 3530 vocaturn
994 3486 1062 3530 esse
1093 3468 1267 3546 observavi,

107 3592 207 3655 quam
239 3592 258 3636 a
288 3573 502 3654 superioribus
528 3574 730 3654 scriptoribus
758 3575 852 3655 idque
880 3575 922 3637 ab
949 3574 1168 3656 Aristophanis
1196 3576 1268 3639 inde

106 3683 211 3744 aetate
239 3680 340 3759 magis
367 3680 531 3760 magisque
562 3700 685 3761 serpere
717 3683 836 3764 coepit,
872 3700 945 3745 cum
976 3685 1051 3744 ante
1082 3680 1170 3744 illum
1202 3699 1266 3746 non

101 3787 209 3850 multa
227 3786 371 3868 exempla
394 3785 579 3866 legerentur.
622 3787 792 3868 Quumque
815 3789 846 3850 in
873 3787 997 3852 duobus
1026 3788 1082 3851 illis
1111 3789 1266 3870 prioribus

205 4023 231 4092 *)
249 4023 268 4076 l.
285 4022 304 4077 l.
324 4040 351 4090 p.
373 4023 421 4076 139
438 4041 482 4091 pp.
