2940 4492
704 144 709 154 ’
770 155 813 221 m

292 332 501 418 σπλαγχνεύω
520 335 571 400 Av
591 332 665 410 9843
687 333 881 418 cauponato
903 334 928 399 L
949 336 1026 415 3403

288 438 432 525 χοανεύω
454 442 505 506 Th
525 442 580 519 573
602 440 748 523 cloacarius
767 442 795 507 fr
818 444 887 508 337.

288 551 338 615 VI.
379 549 516 632 Reliqua
543 553 617 614 sunt
646 551 744 615 verba
779 550 1016 615 denominativa
1047 551 1129 617 duo:
1164 557 1368 635 τρυφερκίνω

208 660 235 722 V
255 659 326 737 688,
349 656 475 721 mollem
494 656 626 720 reddere
648 653 708 719 dn.
730 656 793 739 λεγ.
816 660 847 722 et
872 661 1030 740 γαργαίρω
1050 657 1078 724 fr
1101 659 1170 740 327,
1203 660 1370 725 abundare

209 762 375 848 (γάργαρα)
397 760 457 826 ἇπ.
478 762 541 844 lay.

290 874 410 949 Restat,
432 873 468 934 ut
485 889 523 935 ea
541 889 645 953 pauca
659 869 757 934 verba
778 889 999 937 enumeremus
1018 875 1050 936 et
1065 872 1263 957 explicemus,
1285 894 1370 958 quae

207 983 247 1047 de
276 978 430 1045 adverbiis
459 981 491 1041 et
517 976 679 1060 particulis
709 978 969 1043 exclamationem
997 980 1243 1063 exprimentibus
1271 986 1370 1064 poeta

208 1087 337 1154 deduxit
357 1089 388 1150 et
411 1105 458 1163 ea,
481 1104 564 1167 quae
584 1103 698 1149 sonum
720 1085 881 1165 quendam
901 1086 1088 1167 significum.

289 1193 380 1271 κοΐζω
401 1193 431 1258 Α
452 1192 512 1256 746
533 1187 594 1253 dn.
615 1191 688 1272 loy,
707 1195 744 1257 ut
765 1211 855 1258 suem
877 1191 1014 1258 clamare
1036 1193 1125 1275 (κοΐ).

288 1299 415 1383 pocillo
436 1299 462 1363 Ε
481 1299 576 1376 ltro,
605 1298 629 1364 si
651 1302 736 1363 recte
758 1299 877 1374 iudico,
899 1298 940 1363 de
966 1300 1049 1381 βρῦν
1076 1301 1188 1366 vocula
1215 1301 1370 1382 originem

208 1411 304 1487 ducit,
326 1410 443 1491 deque
461 1428 490 1490 p.
503 1407 543 1471 28
564 1407 710 1482 diximus;
734 1406 795 1471 alia
808 1426 884 1472 vero
898 1408 986 1472 notio
1000 1407 1087 1472 verbi
1107 1405 1266 1490 βρύλλειν,
1286 1428 1370 1491 quae

136 1506 140 1511 ’
208 1523 256 1582 est
279 1517 420 1599 decipere
441 1515 538 1597 alqm,
560 1513 645 1578 uude
666 1517 785 1592 manet,
807 1515 920 1578 nescio.

289 1621 444 1705 τραυλίζω
465 1620 494 1685 Ν
516 1620 585 1700 869,
607 1619 784 1686 balbultire.

294 1731 443 1805 πιππίζω
464 1729 515 1793 Αν
537 1728 606 1805 306,
628 1728 776 1805 clamare,
798 1727 838 1791 de
858 1728 950 1809 pullis
971 1727 1082 1792 avibus
1103 1729 1232 1793 dictum.

290 1834 437 1918 βκβάζω,
463 1835 548 1919 quod
576 1834 736 1899 Bentleius
762 1834 854 1898 valde
882 1835 1085 1917 probabiliter
1111 1855 1170 1918 pro
1198 1855 1252 1915 e0,
1281 1838 1369 1920 quod

208 1945 410 2022 tradebatur,
438 1945 557 2024 βατίζω
591 1941 730 2024 reposuit
761 1940 812 2005 Av
839 1940 934 2020 1681,
961 1941 1128 2024 significat:
1164 1945 1369 2010 sermocinari

207 2051 292 2118 malo
315 2052 431 2115 animo.

291 2160 459 2239 κικκαβίζω
469 2156 539 2240 Lys.
550 2155 619 2220 761.
633 2157 650 2219 i.
664 2175 690 2219 e.
706 2155 864 2235 κικκαβαῦ
875 2155 1022 2234 clamare,
1043 2159 1079 2220 ut
1096 2157 1183 2220 ulula
1198 2156 1367 2238 clamabat,

209 2268 260 2332 Av
282 2265 350 2330 um.
376 2264 442 2345 (cir.
466 2263 527 2328 hoc
547 2261 732 2327 adverbium
752 2282 783 2344 p.
805 2262 866 2342 bd).

290 2369 418 2434 κακκάω
449 2369 579 2435 Ν1383
619 2373 650 2432 et
682 2388 792 2450 saepe,
833 2387 943 2432 vocem
975 2369 1105 2433 minime
1135 2369 1283 2434 decoram
1317 2370 1368 2435 liic

208 2483 302 2564 po'e'ta
321 2480 441 2563 primus
463 2477 556 2541 literis
577 2476 683 2584 intulit
703 2474 770 2557 (cir.
792 2474 942 2557 prooemii
962 2496 992 2557 p.
1006 2475 1049 2557 4).
