2940 4492
727 207 747 270 5

154 381 323 460 vocabula,
346 403 428 464 quae
450 385 536 466 apud
557 385 660 448 solum
677 383 925 466 Aristophanem
943 382 1107 465 leguntur,
1126 385 1262 450 formata
1283 388 1315 450 et

155 493 307 570 usurpata
336 510 404 553 esse
433 492 495 554 iam
525 492 566 554 ab
588 491 771 554 auctoribus
799 493 903 554 aetate
922 491 1147 572 superioribus,
1176 511 1313 574 quorum

114 652 120 661 .
153 595 222 658 libri
247 596 399 678 deperditi
421 601 518 660 sunt?
546 598 634 661 Haec
654 601 723 661 tota
744 597 825 661 ratio
845 616 883 660 ac
905 598 970 675 via,
1000 598 1117 680 inqua
1141 618 1312 679 versamur,

156 720 255 783 quam
276 702 396 766 ineerta
418 723 456 767 ac
477 703 597 767 lubrica
618 703 669 781 sit,
693 706 728 768 ut
749 703 922 783 intellegas
944 704 1025 766 duos
1047 703 1207 769 afferimus
1230 706 1315 771 locos

153 827 193 870 ex
225 807 446 890 Aristophanis
485 810 599 874 fabulis
627 810 755 892 petitos:
797 829 878 892 quos
914 811 969 892 qui
1003 813 1180 876 accuratius
1214 813 1315 877 consi-

152 914 348 994 deraverint,
371 916 460 981 facile
482 918 651 995 videbunt,
681 921 804 999 quanta
825 917 929 981 cautio
950 918 1041 982 nobis
1061 919 1100 982 sit
1121 919 1312 999 adhibenda,

152 1021 178 1084 si
208 1021 428 1102 distinguimus
458 1025 631 1106 composita
651 1023 886 1106 Aristophanea
920 1024 962 1087 ab
983 1025 1035 1101 iis,
1066 1045 1148 1107 quae
1168 1026 1217 1090 illc
1246 1047 1313 1090 non

153 1128 309 1192 formarit.
373 1131 409 1193 ln
450 1131 685 1194 Daetalensium
729 1131 812 1194 enirn
852 1131 888 1194 fr.
926 1130 1018 1195 Dind.
1061 1132 1123 1213 1.*)
1164 1134 1313 1213 leguntur

151 1235 249 1300 verba
270 1237 364 1299 llaec:
399 1226 420 1320 ἦ
441 1237 506 1320 μήν
529 1235 603 1309 ἴσως
631 1237 670 1299 ori
696 1234 927 1320 καταπλιγήσεν
949 1239 995 1317 τῷ
1015 1235 1128 1318 χρόνῳ·
1151 1243 1312 1304 ΓΕΡΩΝε

156 1343 202 1405 To
230 1342 464 1426 κοναπλιγήσει
492 1347 588 1405 τοῦτο
617 1344 708 1423 ποροέ
738 1347 803 1405 νῶν
834 1340 985 1426 ῥητόρων.
1036 1345 1061 1408 F
1062 1348 1195 1410 ormatio
1225 1347 1312 1411 verbi

151 1446 383 1533 καταπλιγήσει
415 1450 491 1513 nihil
518 1450 585 1513 miri
613 1451 728 1528 habet,
752 1450 824 1513 -sed
858 1471 985 1533 prorsus
1019 1452 1195 1515 secundum
1228 1453 1312 1534 leges

151 1558 379 1636 grammaticae
405 1557 545 1621 Graecae
573 1559 668 1621 faeta·
687 1561 748 1632 est3
783 1558 915 1621 verbum
947 1560 1055 1621 autem
1085 1559 1189 1640 ipsum
1216 1582 1312 1620 κανα-

152 1663 352 1726 πλίννεσθαι
373 1684 441 1728 esse
462 1661 555 1738 ἅπαξ
575 1664 760 1744 λεγόμενον,
789 1665 889 1728 lexica
909 1667 994 1727 reete
1018 1665 1189 1739 adnotant;
1213 1685 1311 1746 quare

151 1771 228 1833 nihil
248 1772 404 1849 obstaret,
438 1773 607 1854 quominus
627 1771 704 1835 illud
725 1772 859 1834 verbum
890 1771 933 1834 ah
954 1770 1169 1853 Aristophane
1191 1791 1311 1836 novum

152 1879 326 1942 formatum
355 1882 386 1942 et
414 1879 456 1942 ab
481 1899 519 1942 eo
539 1880 641 1960 primo
671 1879 807 1942 sermoni
836 1879 1001 1941 inductum
1028 1898 1096 1941 esse
1115 1881 1310 1961 putaremus,

151 1985 212 2048 nisi
238 1986 270 2048 in
293 1986 397 2049 verbis
428 1986 499 2067 ipsis
520 1985 606 2048 aliud
633 1985 752 2067 aliquid
773 1985 895 2048 inesset.
943 1984 1027 2048 Nam
1050 2004 1123 2047 curn
1143 1985 1193 2048 ille
1215 1986 1311 2049 dicat:

153 2093 251 2156 »Illud
290 2092 422 2155 verbum
457 2091 507 2173 (νό
542 2089 785 2173 nutantiaque)
820 2091 859 2153 de
894 2090 1073 2154 rhetoribus
1101 2093 1310 2171 desumsisti«,

152 2201 441 2282 quomodocunque
468 2201 567 2262 verba
596 2199 687 2278 nupti
713 2200 778 2259 coir
805 2194 949 2280 ῥητόρων
977 2198 1158 2279 explicabis,
1186 2218 1312 2280 semper

150 2325 189 2368 ea
206 2306 376 2370 verborum
399 2307 555 2370 sententia
577 2306 642 2383 erit,
666 2308 702 2369 ut
715 2305 848 2368 verbum
868 2304 954 2383 illud,
978 2305 1017 2368 de
1034 2324 1098 2387 quo
1116 2306 1308 2388 quaerimus,

152 2414 217 2476 iam
238 2416 335 2477 antea
350 2415 383 2476 in
404 2433 464 2477 usu
488 2414 583 2477 fuisse
601 2411 854 2477 concludendum
875 2411 923 2475 sit.
1312 2414 1315 2418 ’

233 2519 434 2585 Contrarium
455 2521 617 2602 quoddam
639 2520 800 2584 observari
821 2520 926 2600 potest
947 2517 979 2581 in
1000 2517 1193 2598 αἐροβανεῐν
1213 2520 1310 2583 verbo

150 2627 400 2710 Aristophanem
421 2628 507 2709 quod
526 2629 551 2690 si
567 2627 653 2708 apud
666 2626 832 2690 Platonem
850 2644 977 2707 quoque
998 2624 1130 2688 inveniri
1152 2644 1190 2688 ex
1206 2625 1310 2689 lexicis

151 2735 348 2816 cognoveris,
387 2735 543 2798 mirabere
581 2734 725 2809 fortasse,
772 2751 828 2795 cur
857 2730 1064 2813 Aristophani
1096 2732 1307 2795 tribuerimus.

150 2841 214 2905 Sed
230 2841 396 2904 immerito.
429 2841 574 2922 Namque
596 2840 649 2902 ubi
669 2839 842 2921 inspexeris
855 2839 999 2902 Platonis
1013 2839 1111 2903 verba
1124 2839 1193 2921 ipsa
1215 2838 1308 2920 (apol.

151 2948 238 3012 Βοῦν.
264 2969 294 3030 p.
316 2949 353 3010 19
369 2947 423 3029 C),
460 2967 543 3029 quae
570 2952 660 3011 sunt:
694 2948 830 3008 τοιαῦτα
856 2945 977 3028 ἑωρᾶτε
1004 2946 1057 3008 καὶ
1089 2945 1181 3009 αὐτοὶ
1209 2946 1244 3008 ἐν
1270 2947 1311 3028 τῇ

149 3050 398 3137 Ἀριστοφάνους
440 3053 593 3136 κωμῳδίᾳ
630 3051 804 3135 Σωκράτην
841 3052 914 3115 curui
954 3053 1024 3115 ἐκεῖ
1056 3051 1312 3134 περιφερόμενον

152 3158 324 3245 ᾳοέοκοννοὲ
346 3161 451 3222 τεκαὶ
473 3161 665 3241 renouata-ro
679 3159 745 3238 κτλ,
763 3180 827 3223 non
844 3160 1012 3238 dubitabis,
1028 3160 1103 3240 quin
1121 3159 1311 3241 delegaverit

151 3268 210 3332 illis
231 3268 334 3332 verbis
358 3269 400 3331 ad
422 3268 563 3331 Nubium
583 3287 663 3330 vers,
689 3268 777 3343 1503,
800 3267 854 3330 ubi
876 3267 970 3330 haec:
991 3269 1116 3330 ΣΩΚΡε
1144 3266 1312 3348 ἀεροβατῶ

152 3375 205 3437 καὶ
227 3377 412 3457 περιφρονῶ
440 3377 498 3436 τόν
526 3371 628 3454 ἣλιον,
659 3377 690 3437 et
711 3374 864 3438 imitando
886 3373 1072 3455 expresserit
1094 3393 1204 3437 vocem
1224 3374 1310 3438 illam

153 3482 195 3545 ab
212 3481 425 3564 Aristophane
446 3481 485 3544 de
504 3481 642 3545 Socratis
664 3482 809 3544 doctrina
830 3481 948 3544 comice
971 3481 1087 3544 fictam.

250 3672 274 3739 *)
294 3671 325 3724 In
350 3671 541 3726 enumerandis
568 3671 690 3724 versibus
716 3672 745 3724 et
767 3669 925 3722 fabularum
951 3669 980 3722 et
1004 3669 1220 3738 fragmentorum
1245 3666 1309 3720 Din-
1328 3668 1335 3679 “

154 3757 307 3811 dorfianum
324 3759 375 3826 (ed.
390 3759 484 3825 Oxon.)
497 3756 620 3810 ordinem
632 3775 724 3810 sumus
740 3755 826 3809 secuti
834 3777 840 3820 ;
858 3755 981 3809 fabulam
996 3753 1213 3808 Acharnensium
1231 3756 1309 3807 nota·

154 3842 243 3898 vimus
261 3842 342 3896 litem
354 3845 388 3916 A,
404 3843 535 3912 Equitum
551 3845 584 3913 Ε,
600 3842 722 3896 Nubium
735 3844 768 3909 N,
785 3843 936 3911 Vesperum
948 3842 983 3912 V,
1001 3841 1080 3895 Pacis
1095 3840 1128 3910 P,
1141 3839 1241 3893 Avium
1256 3841 1309 3912 Ar,

154 3930 322 3999 Lysistratae
333 3931 364 4001 Ii,
377 3931 719 4000 Thesmophoriazusarum
729 3931 782 3999 rh,
801 3929 942 3983 Ranarum
954 3928 989 4000 R,
1005 3928 1104 3982 Eccles.
1114 3929 1163 3998 Eo,
1177 3925 1254 3979 Pluti
1263 3927 1308 3998 Pl,

153 4017 311 4088 fragmenta
327 4016 364 4072 ir.
