2940 4492
717 196 758 271 67

153 386 395 467 interpretamur
409 386 516 450 omnia
530 405 577 463 ea,
600 405 737 468 quorum
752 388 897 461 membra
913 387 1158 470 dependentiam
1173 389 1313 470 aliquam

155 527 192 537 -
229 512 303 556 casu
339 491 398 556 vel
435 493 610 573 genetivo
639 494 697 556 vel
727 495 857 558 dativo
886 495 936 557 vel
965 497 1186 559 accusativo
1217 495 1313 578 expli-

154 600 291 664 candam
319 634 366 656 ,-
404 599 540 663 alterurn
576 601 617 664 ab
655 598 756 664 altero
790 604 912 664 rectum
948 602 1113 666 exhibent:
1149 603 1190 666 ad
1226 603 1310 667 hanc

153 705 397 788 dependentiam
415 705 534 770 verbali
556 706 701 771 membro
723 726 789 771 non
808 726 933 789 semper
952 727 1032 790 opus
1054 728 1120 773 esse
1142 712 1284 791 apparet.

235 811 327 876 Hanc
354 812 570 877 definitionem
604 813 834 895 dependentiae
867 834 886 878 a
914 814 1020 879 Curtio
1051 817 1246 898 propositam
1274 814 1310 879 V.

153 918 324 983 Clemmius
349 921 483 983 nonest
511 924 654 996 semiue,
682 939 755 983 curn
784 921 857 984 dicit
885 921 1016 986 haecce:
1047 924 1122 1004 quia
1149 924 1311 1004 genetivus

153 1027 264 1108 aliquis
279 1060 319 1070 -
334 1024 483 1109 ὀξ-άλμη,
507 1025 528 1109 ἦ
549 1018 639 1101 aaa
658 1022 745 1109 ἅλμη
767 1025 1032 1110 (dependendae),
1054 1065 1093 1074 -
1115 1049 1227 1112 prosus
1243 1031 1312 1112 pari

153 1134 274 1197 ratione
283 1134 576 1215 atqueadiectivum
585 1134 627 1198 ad
638 1135 870 1198 substantivum
879 1136 1049 1199 relatum·
1056 1136 1312 1220 χαυνο-πολίτης,

154 1239 172 1301 ὁ
193 1240 310 1319 pecorile
330 1240 462 1322 πολίτης
484 1239 764 1323 (determinativa),
793 1276 831 1286 -
858 1244 992 1324 attingat
1013 1243 1046 1306 id
1068 1244 1311 1322 substantivum,

153 1347 239 1430 quod
259 1349 436 1412 accuratius
457 1347 635 1426 deliniatur,
658 1347 747 1426 effici,
770 1353 805 1413 ut
820 1349 873 1413 illa
887 1351 1061 1431 composita
1075 1369 1095 1414 a
1109 1351 1311 1414 substantivis

153 1453 349 1536 incipientia,
383 1454 489 1536 qualia
510 1452 666 1537 ὀξ-άλμη,
696 1455 1024 1520 determinationis
1053 1459 1232 1539 compositis
1255 1459 1312 1521 ad·

152 1561 352 1639 numeranda
372 1562 450 1636 sint;
473 1561 588 1625 deinde
607 1581 644 1625 ea
666 1563 858 1642 composita,
880 1582 1017 1644 quorum
1040 1565 1144 1644 priore
1166 1564 1310 1629 membro

152 1667 406 1745 accusativus
428 1687 524 1749 quern
545 1687 696 1733 vocamus
719 1669 874 1732 interioris
895 1669 1017 1746 obiecti,
1041 1672 1250 1749 contineatur,
1273 1690 1312 1734 ea

153 1777 184 1836 et
205 1775 273 1856 ipsa
292 1775 590 1839 determinativa
612 1776 761 1839 habenda
781 1795 856 1839 esse.
910 1776 1000 1854 Quae
1022 1778 1178 1840 sententia
1198 1797 1313 1858 quam-

154 1901 252 1963 quam
274 1884 341 1944 arte
364 1885 394 1944 et
416 1881 540 1946 ratione
563 1901 628 1945 non
648 1886 746 1959 caret,
769 1901 901 1946 cumea
923 1885 1114 1964 composita,
1137 1884 1176 1947 de
1198 1870 1313 1964 quibus

153 1987 203 2051 ille
224 1989 305 2069 agit,
335 1989 604 2071 propinquitatem
627 1989 768 2071 aliquam
789 1992 820 2052 et
842 1989 1079 2054 similitudinem
1098 1991 1216 2054 habere
1240 2010 1313 2054 cum

154 2093 398 2157 determinativis
428 2095 538 2177 negari
566 2114 631 2158 non
652 2097 763 2175 possit,
794 2131 833 2138 -
860 2100 970 2159 tamen
990 2096 1076 2160 illam
1099 2097 1313 2161 definitionem

153 2202 324 2264 retinemus
343 2199 378 2263 G.
394 2199 537 2264 Curtium
552 2201 666 2264 secuti:
690 2202 807 2284 quippe
822 2221 904 2284 quae
920 2202 959 2265 sit
972 2203 1198 2284 simplicissima
1213 2211 1314 2283 eaque

153 2306 297 2388 exempla
333 2307 422 2389 paria
457 2326 522 2371 non
559 2307 773 2387 seiungantur.
830 2308 954 2372 Etenim
991 2309 1016 2370 si
1052 2310 1226 2390 composita
1262 2309 1314 2372 illa

154 2414 336 2494 genetivum
358 2414 516 2496 inpriore
539 2412 683 2477 membro
706 2414 886 2477 exhibentia
908 2415 1154 2491 secluderemus,
1177 2434 1214 2479 ea
1236 2435 1315 2496 quo-

154 2541 233 2604 que,
263 2519 377 2601 quibus
398 2519 495 2584 dativi
516 2520 603 2584 notio
623 2520 719 2597 inest,
750 2521 791 2583 ab
813 2520 860 2584 his
881 2521 1112 2602 dependentiae
1134 2523 1315 2603 compositis

155 2627 349 2690 secernenda
383 2631 502 2690 essent:
538 2626 625 2708 quod
659 2627 684 2688 si
717 2626 821 2702 fieret,
858 2646 895 2690 ea
928 2627 995 2691 sola
1027 2630 1196 2704 restarent,
1232 2648 1315 2709 quae

156 2733 371 2798 accusativum
393 2753 413 2797 a
436 2734 533 2797 verbo
554 2733 643 2796 linito
666 2733 900 2814 dependentem
921 2723 1073 2798 exhibent
1094 2752 1198 2815 neque
1219 2753 1315 2798 causa

156 2844 338 2922 appareret,
374 2859 429 2903 cur
459 2845 654 2903 mutaremus
681 2860 800 2904 nomen
830 2841 903 2904 huic
933 2841 1023 2904 classi
1054 2861 1073 2905 a
1102 2842 1313 2922 superioribus

156 2946 313 3028 aliquibus
335 2946 548 3028 grammaticis
569 2947 722 3024 inditum,
751 2949 805 3029 qui
833 2947 912 3011 haec
934 2947 1121 3012 obiectiva
1140 2948 1313 3028 composita

155 3055 370 3118 nominarunt.

238 3161 303 3225 Nos
328 3161 437 3240 igitur,
467 3164 503 3224 ut
524 3160 720 3232 ¹sententiam
748 3163 890 3223 nostram
917 3159 956 3222 de
981 3145 1046 3222 'hac
1067 3161 1315 3240 compositorum

148 3271 246 3334 ⁴classi
269 3270 377 3351 paucis
397 3269 500 3332 verbis
522 3266 843 3349 comprehendamuS,
875 3265 1211 3347 »dependentiam«
1236 3268 1315 3330 iudi·
1366 3312 1369 3316 -

157 3397 267 3441 camus
285 3397 353 3440 esse
375 3396 467 3459 posse
488 3379 519 3438 et
538 3373 702 3453 genetivi
724 3376 754 3435 et
776 3372 893 3435 dativi
912 3375 944 3435 et
963 3373 1190 3448 accusativi;
1213 3374 1315 3437 deter-

158 3483 311 3547 minativa
329 3487 438 3548 autem
459 3480 644 3561 composita,
665 3479 768 3560 primo
779 3479 893 3543 obtutu
904 3476 1026 3556 similia,
1045 3499 1082 3543 eo
1104 3480 1254 3544 differunt
1275 3479 1316 3542 ab

158 3590 224 3668 his,
263 3590 349 3672 quod
382 3588 423 3652 ibi
456 3586 645 3650 adiectivum
676 3587 816 3667 proxime
848 3586 1051 3666 coniungitur
1081 3605 1155 3648 cum
1186 3587 1315 3649 notione

160 3697 311 3772 nominis,
348 3694 399 3757 hic
427 3697 536 3756 autem
565 3711 655 3756 casus
683 3692 725 3756 ab
752 3712 790 3756 ea
826 3691 983 3774 dependet
1014 3695 1045 3755 et
1072 3693 1204 3772 regitur:
1242 3712 1318 3756 narn

159 3802 278 3865 verbis:
311 3797 467 3878 ὁχαυνός
493 3798 626 3880 πολίτης
647 3818 773 3881 prorsus
794 3799 856 3863 alia
886 3799 966 3863 ratio
995 3800 1188 3875 continetur,
1219 3818 1317 3880 quarn

160 3910 263 3972 verbis
284 3906 304 3990 ἡ
327 3901 417 3981 ὄξεος
439 3902 536 3988 ἅλμη.
579 3906 678 3970 Recte
705 3906 799 3986 igitur
824 3905 898 3970 huic
925 3905 1014 3969 classi
1039 3904 1318 3986 dependentiae

161 4037 278 4084 nomen
300 4016 436 4081 inditum
457 4018 504 4078 est
523 4033 581 4096 pro
602 4032 650 4090 en,
672 4012 757 4094 quod
779 4017 873 4077 antea
894 4011 1046 4088 habebat,
1069 4011 1248 4077 obiectivae.
