2940 4492
718 191 755 258 17

233 376 435 452 κοππατίας,
457 373 486 436 Ν
507 373 547 438 23
569 369 630 435 an.
652 371 692 449 i,
715 391 825 455 equus,
848 373 898 437 cui
918 371 1035 436 κόππα
1056 374 1242 455 inscriptum
1263 375 1311 440 est

152 480 184 542 in
206 498 306 543 crure.

233 582 392 666 Ἀργόλας,
425 586 527 648 forma
557 584 743 649 secundaria
772 585 909 649 nominis
928 584 1073 665 Ἀργεῖος,
1102 604 1184 666 quae
1212 589 1310 652 semel

152 690 266 771 legitur
287 692 315 755 fr
336 692 406 768 aad,
426 692 481 754 ubi
501 691 642 774 rhythmi
663 709 760 754 causa
782 690 913 756 inducta
932 690 1056 756 videtur
1075 711 1152 756 esse.

234 798 269 862 ΙΙ.
311 798 476 863 Adiectiva
505 799 537 862 in
565 802 638 861 -ίων
665 801 697 862 et
724 819 783 860 -ωκ
812 799 975 876 exeuntia,
1012 818 1095 880 quae
1123 798 1311 864 substantivi

152 905 315 969 notionem
343 907 548 987 acceperunt,
577 903 837 986 significationem
865 903 1000 969 nominis
1030 904 1171 986 primarii
1200 906 1312 988 ampli·

152 1011 280 1076 tlcatam
310 1011 358 1074 vel
390 1009 507 1075 elatam
540 1045 579 1054 -
611 1010 743 1074 fortasse
772 1010 917 1075 formatio
948 1013 995 1074 est
1025 1013 1241 1093 comparativa
1273 1048 1310 1057 ·—

152 1118 348 1200 exprimunt3
373 1136 476 1198 neque
497 1117 587 1181 abest
609 1119 650 1181 ab
673 1118 720 1180 his
743 1117 934 1199 contemptio
956 1117 1132 1199 quaedam:

166 1277 169 1280 ,
237 1223 424 1304 decidantur
444 1223 470 1286 P
495 1225 569 1300 193,
600 1223 640 1317 de
668 1223 832 1304 δείλακρος
859 1224 1012 1288 adiectivo
1037 1227 1069 1300 et
1094 1224 1162 1306 ipso
1186 1225 1228 1288 ab
1244 1225 1310 1308 ,hoc

155 1332 249 1412 poeta
281 1331 384 1412 primo
415 1330 557 1393 adhibito
588 1330 625 1393 Pl
646 1330 706 1394 973
740 1329 928 1406 oriundum,
959 1329 1113 1411 significat
1150 1331 1311 1396 hominem

153 1457 186 1501 m
305 1485 312 1501 ,
338 1484 342 1490 ,

141 1548 144 1554 ’
187 1456 357 1624 Ἥκω
379 1544 421 1607 Ec
443 1544 517 1621 985,
547 1563 609 1607 vox
631 1541 777 1607 vocativo
804 1562 879 1607 casu
907 1546 1076 1626 usurpata,
1104 1544 1264 1609 descendit
1292 1565 1312 1610 a

153 1648 267 1731 γλυκύς
281 1651 444 1726 adiectivo,
468 1653 502 1712 ut
517 1650 619 1713 verbis
633 1639 658 1711 ὦ
672 1646 792 1728 γλύκων
809 1649 895 1713 insit:
917 1649 1029 1714 Amice
1050 1652 1217 1730 carissime,
1241 1652 1311 1717 dul-

154 1759 287 1823 cissime.
308 1754 370 1819 ἅπ.
390 1756 451 1835 toy.

238 1864 404 1944 μαλακίων
423 1863 465 1926 Ec
490 1864 569 1926 1058
591 1859 651 1924 ἅπ.
673 1861 711 1939 λ.,
733 1863 887 1943 significat
906 1863 1068 1928 hominem
1087 1864 1311 1930 effeminatum.

238 1972 285 2035 lll.
326 1971 463 2035 Nomina
495 1970 528 2033 in
560 1972 614 2043 -αξ
646 1970 795 2034 cadentia
825 1970 867 2034 ab
898 1971 987 2034 initio
1015 1960 1311 2037 ‘deminutivam

154 2081 318 2144 notionem
357 2078 505 2141 habuisse
544 2078 770 2141 demonstravit
802 2077 988 2142 Schwabius
1023 2077 1055 2141 iu
1089 2078 1312 2142 dissertationis

155 2187 280 2269 saepius
298 2184 446 2249 laudatae
467 2205 498 2265 p.
513 2184 563 2247 48.
597 2183 661 2247 Sed
680 2184 765 2266 apud
781 2184 836 2247 Ar.
851 2183 930 2248 haec
953 2184 1175 2248 deminutionis
1195 2186 1241 2249 vis
1262 2187 1313 2250 vix

157 2294 337 2375 agnoscitur
357 2311 396 2355 ex
418 2292 525 2373 paucis
547 2291 640 2356 huius
662 2291 986 2374 generisnominihus
1007 2310 1089 2372 quae
1110 2311 1194 2355 nova
1214 2292 1312 2357 finxit.

238 2398 398 2479 θαλάμαξ
418 2398 542 2462 R1074
560 2394 620 2459 o‘e'o.
636 2397 674 2476 A,
693 2403 740 2461 est
761 2417 867 2462 remex
889 2399 921 2461 in
942 2399 1005 2462 imo
1026 2401 1163 2462 transtro
1185 2400 1312 2477 sedens3

156 2507 261 2571 forma
282 2506 493 2570 videturesse
522 2505 709 2568 secundaria
734 2505 819 2569 vocis
848 2502 1048 2587 deiunctae,
1077 2524 1160 2587 quae
1191 2509 1314 2590 saepius

158 2611 292 2677 occurrit
313 2611 483 2694 (Thucydz
506 2609 699 2691 θαλαμιός);
722 2609 842 2691 [referri
865 2611 907 2674 ad
928 2611 990 2675 hoc
1011 2630 1129 2676 nomen
1151 2617 1182 2676 et
1202 2614 1314 2680 similia

156 2721 261 2802 potest
282 2718 313 2782 id
334 2718 421 2800 quod
436 2717 544 2781 Eusth.
561 2717 622 2808 540
636 2718 783 2781 adnotat:
805 2715 945 2792 πάσσαξ
967 2717 1172 2792 ὁπασσαλος
1192 2718 1316 2800 λέγεται

155 2825 234 2887 καθ’
267 2821 502 2905 ὑποκαρισμόκε
535 2843 609 2904 ergo
633 2821 792 2901 θαλάμαξ
825 2843 952 2906 quoque
983 2824 1086 2888 torma
1118 2824 1313 2889 deminutiva

156 2931 301 3013 (blanda)
321 2933 405 2995 vocis
427 2929 592 3007 daiamo'g
613 2931 724 2995 haberi
746 2929 875 3012 potestl.

240 3035 393 3119 στόμφαξ
416 3036 445 3100 Ν
469 3037 547 3100 1367
568 3033 628 3101 o‘c'n.
652 3036 690 3115 l,
711 3037 750 3100 de
775 3035 919 3118 στόμφος
941 3034 1104 3119 (iactatio)
1124 3037 1313 3113 deductum

155 3164 221 3227 quo
242 3145 371 3208 nomine
392 3146 486 3227 poeta
508 3128 598 3207 notat
612 3163 695 3221 eum,
719 3145 773 3227 qui
787 3163 905 3225 magno
919 3143 1070 3226 largoque
1085 3163 1138 3207 ore
1153 3144 1313 3226 profundit

155 3250 269 3327 verba,
291 3250 406 3315 scilicet
428 3249 638 3332 Aeschylum,
659 3250 713 3331 qui
733 3250 873 3314 illuditur
894 3249 934 3312 de
955 3249 1181 3331 compositione
1202 3251 1314 3315 audaci

156 3360 189 3420 et
210 3356 430 3420 ostentationis
452 3355 553 3436 plena.

238 3460 371 3545 σύρφαξ
389 3463 415 3524 V
430 3462 500 3541 673,
521 3462 582 3526 alia
603 3461 704 3527 forma
723 3482 781 3544 pro
802 3461 972 3544 συρφετός,
992 3482 1069 3527 voce
1090 3463 1215 3528 usitata.

238 3565 392 3649 ῥυάχετας
421 3569 541 3645 L170;
577 3569 660 3635 hanc
690 3589 802 3634 vocem
829 3589 889 3651 ego
917 3571 1053 3635 formam
1082 3571 1314 3650 secundariam,

156 3675 288 3763 sortasse
307 3676 447 3740 doricam
461 3711 498 3719 —
514 3675 660 3741 Lacaena
680 3676 764 3740 enim
783 3677 843 3740 hoc
865 3676 933 3740 loco
955 3676 1093 3758 loquitur
1115 3709 1153 3722 -
1177 3678 1313 3741 nominis

155 3780 240 3861 ῥύαξ
267 3801 333 3844 esse
346 3782 467 3857 iudico;
492 3801 572 3863 quo,
595 3783 620 3844 si
642 3780 885 3845 Humboldtium
908 3782 1072 3863 sequinur,
1093 3785 1223 3846 notatur
1242 3785 1313 3847 fons

154 3887 204 3950 vel
224 3888 339 3953 ssuvius
358 3907 542 3969 erumpens:
562 3889 607 3950 ita
623 3891 657 3951 ut
672 3889 732 3952 hoc
747 3888 817 3951 loco
834 3888 1093 3952 »Atheniensium
1108 3888 1195 3952 furor
1209 3909 1313 3954 erum-

154 4015 253 4078 pens«
277 3995 477 4077 significetur.
519 3994 653 4059 Photius
674 3996 796 4060 disserit
818 3996 856 4060 de
879 3995 939 4061 hac
960 4015 1036 4062 voce
1056 4016 1088 4078 p.
1109 3995 1181 4073 491,
1202 3995 1252 4062 25.

1090 4100 1106 4153 2
