2940 4492
719 184 740 252 9

551 364 599 430 Α.
637 363 909 445 Substantiam,

153 491 235 555 quae
255 471 470 536 diversissimis
491 473 592 538 modis
615 473 793 536 formantur
813 474 844 535 et
863 473 1047 537 derivantur
1068 474 1110 537 ab
1125 474 1185 538 hoc
1200 477 1308 557 poeta:

152 578 215 645 alia
234 579 291 657 ita,
312 583 348 643 ut
370 581 513 661 quemvis
535 583 699 644 auctorem
719 579 769 643 vel
792 581 930 660 poetam,
952 580 977 642 si
999 581 1174 656 formasset,
1196 582 1308 646 eodem

151 687 248 752 modo
284 706 322 750 ea
355 686 565 750 formatorum
599 686 693 750 fuisse
729 685 908 768 putandum
943 686 999 765 sit,
1035 686 1098 751 alia
1133 689 1310 752 secundum

151 793 296 876 proprias
316 795 348 857 et
369 791 541 874 peculiares
562 792 664 873 leges
693 795 729 856 ut
755 794 884 874 poetam
913 793 1069 857 comicum
1095 793 1183 859 haud
1213 797 1311 877 possis

152 920 219 964 non
240 918 419 982 agnoscere.
460 898 727 963 Enumerautibus
748 899 844 980 igitur
871 899 963 964 nobis
992 903 1023 964 et
1051 901 1310 966 distribuentibus

152 1007 352 1071 substantiva
373 1007 495 1088 primae
519 1006 609 1070 classi
637 1006 823 1071 ascribenda
853 1006 1002 1070 videntur
1032 1027 1099 1072 esse
1127 1008 1234 1073 omnia
1262 1029 1311 1088 ea,

152 1134 236 1197 quae
251 1133 271 1177 a
285 1114 386 1178 verbis
403 1113 556 1196 originem
572 1113 712 1193 ducunt3
731 1111 838 1195 [valde
860 1116 967 1177 autem
990 1115 1168 1180 cavendum
1191 1119 1247 1195 est,
1270 1136 1311 1180 ne

153 1241 192 1285 ea
215 1241 343 1304 quoque
366 1220 566 1286 substantiva
590 1219 665 1284 huic
694 1221 785 1284 classi
814 1221 1024 1299 ascribamus,
1051 1221 1091 1285 de
1119 1222 1234 1304 quibus
1262 1222 1313 1287 ille

151 1329 251 1393 verba
282 1327 452 1392 derivavit:
488 1347 686 1410 quamquam
713 1328 800 1392 haud
829 1348 901 1393 raro
934 1328 1059 1393 difficile
1086 1332 1134 1393 est
1161 1329 1312 1409 iudicatu,

153 1457 233 1500 num
254 1436 387 1500 verbum
409 1455 451 1499 an
474 1456 593 1500 nomen
613 1437 700 1519 prius
721 1436 864 1501 fueritin
884 1437 1001 1517 lingua,
1023 1436 1162 1500 velutin
1185 1437 1314 1502 vocibus

152 1529 393 1627 Aristophaneis
412 1539 514 1624 βάθος
533 1542 689 1626 (βαδίζω),
709 1541 875 1624 κασαλβάς
890 1540 1117 1625 (κασαλβάζω),
1137 1544 1316 1625 ἐπίμαρτυς

153 1653 208 1734 (-4
235 1649 368 1733 ύρομαι)
407 1650 554 1732 aliisque:
589 1669 666 1713 nam
703 1649 859 1714 vocabula
894 1648 997 1730 βάδος
1035 1654 1067 1714 et
1105 1651 1227 1732 βαδίζω
1259 1651 1314 1715 ubi

153 1760 294 1842 primum
322 1757 451 1835 videris,
481 1757 543 1820 hoc
573 1758 614 1821 ab
645 1756 697 1821 illo
728 1757 905 1822 derivatum
934 1778 1002 1822 esse
1033 1759 1132 1823 dices:
1162 1760 1210 1823 sin
1238 1779 1313 1823 vero

152 1863 256 1948 βάθος
284 1883 402 1927 nomen
430 1882 597 1946 nunquam
626 1863 683 1927 nisi
712 1883 777 1928 uno
805 1864 875 1929 loco
904 1865 1156 1948 Aristophaneo,
1191 1864 1313 1946 βαδίζω

154 1977 263 2038 autem
281 1972 461 2054 saepissime
474 1971 606 2035 inveniri
621 1972 809 2049 memineris
823 1972 956 2036 fortasse
968 1973 1157 2055 dubitabist]
1171 1976 1314 2037 ceterum

153 2080 231 2144 illud
253 2099 381 2162 quoque
402 2078 651 2157 observavimus,
673 2098 749 2142 casu
772 2079 913 2161 quodam
931 2078 1050 2144 factum
1072 2101 1150 2158 esse,
1174 2083 1209 2144 ut
1228 2101 1314 2144 com-

153 2188 247 2270 plura
267 2186 414 2263 nomina,
444 2205 527 2267 quae
555 2187 594 2249 de
614 2185 716 2249 verbis
739 2206 870 2250 manare
892 2190 1043 2270 apparet,
1071 2207 1137 2251 non
1158 2188 1314 2250 haberent

153 2293 288 2357 verbum
307 2291 340 2355 in
362 2291 484 2372 lingua,
506 2291 546 2355 de
564 2312 628 2375 quo
650 2292 884 2371 derivarentur,
906 2293 1007 2357 itaut
1028 2294 1089 2357 hoc
1111 2296 1217 2357 mente
1238 2293 1314 2356 sub·

153 2399 349 2464 audiendum
371 2400 460 2462 essct.

222 2542 262 2606 A.
304 2540 566 2619 Substantiva,
588 2559 671 2622 quae
691 2538 839 2604 dicuntur
858 2541 1086 2619 deverbalia,
1110 2510 1247 2624 quorum

237 2660 258 2723 I.
299 2659 406 2724 Primo
426 2660 533 2740 generi
553 2659 729 2722 adnumero
751 2676 789 2721 ea
810 2658 941 2722 nomina
961 2658 1161 2722 masculini
1183 2661 1314 2741 generis,

154 2787 239 2851 quae
253 2764 398 2850 ἰη-τής
412 2769 543 2842 exeunt3
559 2766 609 2829 cui
621 2765 835 2829 terminationi
842 2766 1032 2847 respondere
1040 2766 1119 2829 solet
1129 2767 1315 2834 femininum

154 2875 189 2938 in
217 2909 256 2920 -·
285 2897 358 2958 τρια
387 2875 518 2949 cadens;
547 2873 596 2937 his
624 2872 804 2936 nominibus
829 2875 865 2936 ut
896 2872 983 2954 apud
1011 2892 1121 2936 omnes
1151 2874 1317 2956 scriptores

155 2983 294 3046 Graecos
317 2982 361 3045 sic
387 2981 475 3064 apud
500 2981 586 3044 hunc
608 2981 737 3062 poetam
764 2999 802 3042 ea
832 2998 968 3061 persona
996 2979 1207 3061 significatur,
1235 3000 1317 3063 quae

141 3089 189 3154 sd
211 3090 276 3171 agit
290 3089 339 3152 vel
361 3108 456 3170 agere
478 3088 567 3166 solet,
589 3087 676 3169 quod
695 3087 803 3163 verbo,
825 3074 1052 3150 uude'nomen
1073 3091 1194 3166 manat,
1217 3089 1317 3152 conti·

154 3200 259 3261 netur.
287 3196 381 3274 Quod
395 3196 437 3260 ad
451 3197 618 3259 accentum
633 3194 755 3270 attinet,
770 3193 863 3256 huius
879 3193 985 3257 classis
998 3193 1128 3258 nomina
1141 3195 1315 3260 masculina

154 3324 283 3387 semper
296 3305 361 3368 fere
372 3304 511 3385 oxytona
524 3304 612 3364 sunt:
634 3301 667 3363 in
680 3320 745 3363 uno
758 3300 886 3364 nomine
897 3300 1130 3382 Aristophaneo
1144 3299 1316 3384 κεκράκτης

153 3410 279 3494 syllaba
300 3410 486 3492 paenultina
506 3410 674 3473 accentum
699 3409 830 3471 acutum
851 3407 956 3473 habet.

599 3565 629 3614 a.
672 3547 866 3616 masculina.

238 3656 420 3739 λαικαστής,
435 3653 553 3736 Α79*),
570 3655 616 3737 [et
631 3653 821 3738 idoneiorem
833 3655 958 3737 A528],
975 3657 1116 3721 derivata
1131 3654 1315 3767 ᾁθλαικάζω

153 3766 264 3842 verbe,
283 3765 324 3828 ab
349 3764 562 3845 Aristophane
578 3763 679 3845 primo
701 3766 871 3844 usurpata,
893 3778 958 3827 non
980 3756 1237 3846 founata;''quae
1258 3764 1315 3828 etsi

253 3931 277 4001 *)
295 3931 325 3986 Si
336 3929 541 3986 substantivum
555 3929 667 3998 aliquod
678 3929 863 4000 compluribus
876 3930 941 3986 loeis
954 3931 1102 3997 invenitur,
1116 3930 1314 3986 unumaddisse

153 4017 318 4089 plerumque
337 4017 403 4072 satis
423 4017 562 4073 habemus.
1215 4018 1218 4023 ’
