2940 4492
766 198 807 262 10

204 381 306 446 forma
327 380 514 456 adhibetur,
544 397 655 442 verum
683 378 780 442 etiam
802 377 844 440 ad
865 375 1041 440 illudendas
1064 380 1095 441 et
1117 376 1291 442 irridendas
1313 396 1364 440 res

204 488 386 552 hominesve
394 485 574 567 saepissime
581 485 792 557 deminutivae
798 483 964 565 primariis
980 503 1062 565 quae
1075 487 1239 563 vocantur,
1254 483 1365 547 formis

204 615 224 658 a
245 598 338 676 poeta
360 593 480 658 comico
502 593 740 675 praeferuntur:
772 610 835 674 qua
857 591 944 653 inre
967 590 1044 654 iliud
1068 610 1196 675 quoque
1218 591 1364 654 conside-

203 701 339 764 randum
367 704 430 778 est,
460 700 658 764 comoediam
689 699 834 776 atticam,
863 699 979 780 quippe
1008 717 1090 780 quae
1120 700 1152 761 in
1183 698 1365 762 hominibus

130 796 134 802 ’
205 806 503 888 condicionibusque
537 806 732 888 exagitandis
767 809 925 882 versetur,
961 824 1140 869 sermonem
1177 805 1365 887 popularem

205 913 429 995 volgaremque
440 916 582 977 secutam
593 917 624 976 et
634 913 790 977 imitatam
801 931 882 987 esse3
896 911 970 976 huic
981 916 1089 976 autem
1099 911 1236 975 sermoni
1246 911 1366 975 formas

208 1020 420 1084 deminutivas
441 1021 541 1102 magis
570 1021 755 1097 convenire,
784 1037 881 1101 quam
908 1019 993 1099 gravi
1016 1019 1162 1101 Aeschyli
1183 1022 1214 1083 et
1234 1018 1366 1082 Homeri

205 1127 333 1191 dictioni
354 1128 424 1209 quis
443 1147 509 1190 non
531 1127 639 1191 videt?
688 1126 777 1204 Quae
805 1145 906 1208 quum
934 1125 977 1188 ita
1007 1126 1084 1204 sint,
1107 1126 1197 1189 facile
1219 1127 1367 1209 explicari

205 1214 309 1316 potest
338 1234 430 1313 iilud,
461 1233 548 1316 quod
579 1233 808 1315 Aristophanes
837 1252 902 1295 non
932 1234 1058 1295 tantum
1088 1251 1137 1295 res
1165 1234 1367 1315 rationesque

205 1339 236 1422 (i.
259 1360 285 1404 e.
315 1362 400 1404 nom.
430 1340 651 1424 appellativa),
683 1341 737 1404 sed
767 1341 862 1405 etiam
890 1341 1022 1403 nomina
1050 1340 1178 1420 propria
1207 1341 1365 1404 interdum

206 1447 308 1512 forma
330 1449 525 1512 deminutiva
547 1448 691 1511 adhibita
711 1448 744 1510 in
766 1466 894 1510 scenam
915 1447 1018 1510 traxit.

285 1554 378 1631 Quod
399 1559 508 1619 autem
528 1556 750 1619 formationem
767 1554 860 1618 huius
875 1554 979 1617 classis
995 1555 1118 1632 attinet,
1135 1555 1167 1617 in
1183 1555 1366 1617 universum

206 1661 352 1724 contendi
364 1665 475 1743 potest,
491 1661 737 1744 Aristophanem
748 1661 885 1738 easdem,
902 1679 982 1742 quas
992 1660 1110 1742 priores
1124 1664 1156 1724 et
1170 1663 1366 1741 posteriores

206 1766 289 1848 leges
319 1768 478 1831 formandi
506 1769 611 1852 sequi:
641 1769 674 1832 in
701 1766 828 1848 singuiis
854 1769 962 1830 autem
984 1767 1027 1830 ita
1049 1786 1122 1830 eum
1144 1767 1252 1848 vagari
1272 1785 1368 1848 saepe

206 1874 366 1952 videmus,
392 1878 445 1953 ut,
467 1878 611 1939 certasne
642 1874 726 1957 leges
748 1874 787 1938 de
809 1881 868 1936 usu
897 1877 928 1936 et
949 1874 1078 1936 notione
1100 1873 1368 1937 deminutivorum

206 1981 513 2062 Aristophaneorum
548 1985 687 2046 statuere
715 1981 828 2063 poesie,
863 1979 955 2043 valde
985 1980 1202 2043 dubitaverim.
1258 1979 1369 2062 Neque

207 2089 290 2151 enim
314 2106 385 2151 raro
407 2087 447 2150 de
469 2088 581 2151 eadem
602 2107 678 2152 voce
704 2087 868 2168 complura
890 2087 1085 2150 deminutiva
1103 2088 1169 2151 sine
1189 2086 1253 2150 ulia
1275 2087 1370 2167 signi-

206 2193 359 2257 ficationis
386 2194 586 2258 distinctione
607 2195 774 2270 derivavit,
803 2194 888 2257 velut
912 2194 951 2257 de
974 2196 1067 2266 παϊςε
1092 2193 1226 2255 παιδίον
1249 2193 1368 2275 (saepe)

205 2303 236 2363 et
251 2299 426 2380 παιδάριον
440 2301 469 2364 Ν
484 2301 554 2379 821,
577 2302 616 2365 de
637 2299 730 2384 α’νήρε
754 2298 929 2382 ἄνδράριον
943 2301 973 2364 A
987 2300 1047 2364 517
1069 2304 1100 2365 et
1123 2299 1257 2382 εένδρίον
1277 2300 1303 2363 Ρ
1318 2301 1369 2364 51.

208 2406 369 2471 Interdum
384 2413 492 2473 autem
513 2409 697 2491 »dupliciter
712 2408 935 2484 denrinutiva,«
957 2426 1039 2488 quae
1055 2427 1216 2485 vocamus,
1238 2407 1371 2471 deduxit

207 2514 257 2577 ilie
278 2534 298 2578 a
319 2516 447 2578 nomine
469 2516 585 2598 aliquo,
609 2535 692 2598 quae
714 2516 967 2590 deformantur,
991 2517 1027 2577 ut
1048 2514 1150 2576 forma
1173 2513 1371 2577 deminutiva

208 2621 247 2684 de
282 2622 410 2685 nomine
448 2623 590 2687 derivata
624 2624 738 2688 iterum
773 2623 975 2686 deminuatur
1013 2621 1113 2685 attera
1148 2621 1371 2684 terminatione

207 2729 403 2798 deminutiva
431 2729 541 2794 addita
569 2731 654 2795 velut
683 2751 702 2794 a
724 2727 841 2811 κοτύλη
862 2733 973 2792 manat
993 2725 1175 2800 κοτύλνσκος
1197 2731 1228 2792 et
1249 2727 1374 2790 κοτυλί-

211 2857 298 2898 σκιον
318 2837 348 2900 A
369 2836 439 2900 459.

291 2943 391 3006 Unius
419 2962 494 3005 vero
515 2943 650 3006 nominis
673 2944 792 3006 formae
821 2943 1051 3018 deminutivae,
1083 2961 1166 3025 quae
1195 2942 1374 3005 accuratius

208 3050 447 3132 perlustrantur,
468 3049 583 3130 dignae
603 3051 751 3114 videntur
773 3069 856 3114 esse:
879 3050 925 3113 De
946 3049 1056 3128 χλανίς
1078 3069 1154 3113 voce
1169 3048 1374 3112 usitatissima

206 3157 286 3221 haec
314 3176 446 3220 manare
480 3157 623 3220 videmus
652 3158 800 3223 nomina:
835 3155 1020 3236 χλάνισκος,
1057 3155 1154 3238 (quod
1181 3155 1294 3219 Potiux
1332 3175 1374 3219 ex

209 3265 329 3328 comico
351 3265 467 3346 alique,
489 3268 525 3328 ut
546 3265 683 3342 videtur,
706 3269 802 3346 potita
822 3262 1019 3344 desumpsit),
1040 3263 1226 3342 χλανίσκινν
1246 3262 1276 3325 A
1297 3262 1373 3339 519,

208 3370 427 3450 χλαννσνίδιον
455 3372 480 3435 Ρ
504 3372 582 3435 1001
614 3367 675 3433 ἄν.
698 3371 726 3433 λ.
764 3406 801 3416 -
833 3371 897 3434 Iam
928 3389 1003 3433 vero
1034 3369 1073 3432 de
1102 3369 1214 3432 eodem
1242 3368 1376 3433 nomine

209 3479 319 3558 χλανίς
333 3479 485 3560 originem
501 3479 585 3543 ducit
600 3481 703 3543 forma
717 3477 892 3557 χλανίδιον,
913 3477 1023 3559 (quam
1045 3480 1170 3557 praeter
1190 3475 1267 3538 alios
1290 3494 1375 3539 non-

211 3587 313 3650 nullos
327 3587 494 3668 scriptores
502 3587 557 3650 Ar.
565 3586 725 3669 quoqueL
739 3585 818 3648 1189
827 3582 1014 3666 usurpavit);
1030 3583 1070 3646 de
1085 3583 1146 3647 hac
1155 3582 1376 3647 Aristaenetus

210 3692 429 3772 χλανιδίσκιον
452 3693 611 3756 derivavit.

291 3800 358 3863 Iam
373 3800 593 3881 aggrediamur
603 3801 671 3881 ipsa
682 3799 835 3881 exempla,
851 3817 933 3880 quae
945 3799 989 3860 ita
1002 3798 1120 3880 optime
1132 3796 1375 3876 distribuuntur,

212 3910 247 3970 ut
276 3906 512 3971 terminationes
544 3906 686 3969 divisioni
715 3906 924 3970 fundamento
951 3906 1114 3968 iaciantur.
1144 3938 1184 3947 -—
1212 3902 1274 3967 Sed
1296 3922 1376 3966 curn
1443 3922 1451 3937 ·

213 4016 329 4093 omnia,
345 4032 427 4094 quae
434 4013 663 4096 Aristophanes
670 4011 1017 4093 formavit‚enumerare
1025 4011 1155 4094 longum
1163 4010 1202 4074 sit
1216 4028 1274 4074 nec
1283 4010 1376 4092 quic-
