2940 4492
723 156 760 234 71

159 353 232 406 oum
259 335 292 407 in
321 333 473 408 similibus
499 334 678 417 compositis
707 333 841 401 verbum
871 337 1098 416 postponatur,
1136 335 1187 405 hic
1214 337 1320 404 locum

158 441 296 523 priorem
315 443 411 513 tenet.

239 544 467 630 ἄξριννηχήςΝ
483 548 552 625 337,
574 549 628 629 qui
644 567 701 629 per
717 552 792 615 adra
806 549 876 612 nat:
898 547 982 611 hano
997 567 1106 614 vocem
1121 549 1169 613 hic
1183 551 1318 631 reposui,

159 657 233 736 quia
247 652 333 739 νήχω
346 656 480 720 verhum
494 655 640 719 omnibus
655 655 741 732 tocie,
757 655 872 736 quihus
885 654 1008 734 legitur,
1023 655 1166 718 absolute
1182 658 1319 737 positum

159 764 216 840 est,
238 745 454 826 accusativum
474 781 634 844 nusquam
653 763 748 842 regit,
771 764 874 828 ortum
894 762 988 842 igitur
1006 767 1054 825 est
1074 762 1136 827 hoc
1157 782 1259 846 conrp.
1280 784 1319 829 ex

157 869 273 932 verbis:
296 868 351 931 διά
373 868 436 951 (vel
458 868 505 946 ἐν)
527 868 625 948 cepoe
641 866 697 950 (a)
719 866 836 950 νήχων.

238 974 483 1055 pappa-xvdcc
503 975 534 1039 R
554 975 633 1051 990,
666 975 720 1056 qui
749 975 782 1038 in
809 993 952 1038 mamma
978 975 1088 1038 matris
1109 995 1143 1038 se
1172 975 1317 1039 occultat.

158 1081 230 1161 (hoc
250 1101 368 1146 nomen
390 1081 544 1146 translata
564 1082 694 1145 notione
714 1081 838 1163 saepius
860 1084 1049 1162 usurpatum
1074 1080 1142 1162 est).

238 1186 413 1271 δρυ-πετής
426 1189 454 1252 ir
469 1189 537 1265 190,
557 1186 627 1250 a’nd
650 1187 745 1268 δρυὸς
765 1191 915 1266 ninum
938 1187 999 1251 hoc
1020 1187 1210 1256 adiectivum
1231 1188 1315 1269 apud

155 1296 344 1376 posteriores
367 1295 489 1377 aliquos
517 1295 647 1375 legitur;
679 1314 764 1360 nunc
793 1294 974 1359 recentioris
1004 1295 1116 1358 aetatis
1144 1295 1316 1364 editoribus

155 1404 280 1466 mutare
315 1402 406 1465 libuit
442 1398 632 1486 daemonic,
674 1420 738 1484 quo
772 1402 941 1483 significari
974 1401 1099 1465 volunt:
1134 1402 1167 1465 in
1201 1401 1315 1472 arbore

155 1511 301 1572 maturus
337 1509 447 1573 tactus
506 1508 569 1572 Sed
606 1527 679 1572 mea
714 1509 870 1579 sententia
905 1508 981 1573 iilud
1018 1508 1227 1585 adiectivum,
1262 1509 1316 1576 ubi

153 1615 290 1682 traditur
318 1614 419 1694 libris,
447 1616 490 1680 ibi
512 1616 713 1686 retinendum
736 1619 802 1678 est:
830 1635 907 1680 nam
931 1620 1103 1698 utramque
1125 1615 1259 1679 immam
1284 1615 1316 1678 in

153 1721 262 1802 lingua
285 1721 376 1786 tuisse
398 1724 528 1804 cogitari
550 1726 662 1806 potest.

235 1927 264 1989 4.
321 1926 478 2004 Quarto
511 1927 648 2009 denique
686 1927 795 2011 eique,
830 1928 856 1990 si
890 1927 1108 2009 exemplorum
1144 1947 1315 1999 numerum

153 2036 356 2114 reputamus,
399 2034 539 2109 maximo
575 2035 684 2115 generi
725 2034 955 2115 dependentiae
993 2035 1238 2116 compositorum
1276 2054 1314 2109 ea

152 2139 372 2208 attribuuntur
392 2140 554 2222 exempla,
577 2141 659 2206 inter
681 2159 817 2222 qnorum
837 2140 981 2209 membra
1000 2141 1211 2208 accusativi
1232 2142 1314 2205 ratio

152 2245 315 2311 intercedit
346 2248 364 2315 i.
395 2267 422 2311 e.
454 2248 630 2330 composita
666 2247 837 2323 obiectiva3
876 2266 959 2328 quae
996 2248 1157 2328 quomodo
1194 2247 1312 2329 optime

152 2353 343 2431 dividantur,
365 2355 427 2427 iarn
450 2355 622 2436 explicabo
657 2355 740 2423 Nam
762 2355 819 2422 etsi
840 2355 947 2424 omnia
970 2354 1202 2436 dependentiae
1223 2373 1310 2417 com-

152 2460 255 2540 posita
285 2461 329 2524 ita
357 2460 499 2527 distribui
527 2463 666 2543 potuisse
695 2462 776 2538 scio,
803 2464 840 2523 ut
860 2461 946 2542 prius
968 2479 1023 2537 ea,
1050 2479 1133 2541 quae
1156 2480 1175 2525 a
1198 2461 1311 2539 verbis,

153 2566 266 2641 deinde
295 2586 349 2643 ea,
379 2586 461 2649 quae
489 2567 714 2634 anominibus
743 2567 912 2649 incipiunt,
942 2569 1227 2648 pertractarentur,
1254 2587 1313 2636 nos

152 2672 205 2736 illa
219 2692 254 2736 re
268 2675 473 2754 supersedere
487 2693 583 2756 posse
602 2674 794 2757 putavimus,
812 2676 980 2755 propterea
1002 2673 1088 2755 quod
1108 2692 1146 2737 ea
1157 2674 1311 2757 exempla,

152 2798 236 2861 quae
265 2780 307 2844 ad
336 2781 471 2861 genetivi
499 2781 656 2848 rationem
685 2780 859 2862 pertinent,
895 2780 1003 2847 omnia
1032 2779 1095 2844 fere
1124 2782 1312 2846 erratione

152 2886 322 2963 nominali,
350 2906 416 2951 non
450 2886 569 2954 verbali
602 2887 755 2967 originem
782 2886 898 2957 ducere
926 2905 1024 2968 supra
1053 2886 1196 2951 vidimus.
1245 2887 1313 2952 Iam

152 2998 300 3075 apparet,
331 2993 355 3056 si
384 2993 463 3056 haec
485 3011 589 3074 pauca
612 3012 714 3073 comp.
737 3012 776 3056 ex
798 2993 933 3074 genetivi
955 2993 1077 3067 ratione
1098 2993 1218 3059 verbali
1241 2999 1311 3058 orta

151 3120 260 3171 rursus
287 3101 393 3183 partiti
423 3118 580 3179 essemUS,
609 3099 730 3176 minimi
751 3100 843 3185 spatii
865 3098 980 3169 classes
1007 3103 1092 3170 ortas
1123 3100 1232 3178 fuisse,
1259 3102 1311 3165 vix

152 3207 273 3287 dignas,
296 3225 378 3288 quae
399 3209 466 3283 tarn
488 3210 636 3273 accurate
660 3207 936 3300 distinguerentur.
979 3204 1097 3271 Contra
1118 3226 1193 3270 vero
1215 3207 1248 3270 in
1268 3209 1310 3276 eis

152 3314 342 3395 compositis,
358 3333 441 3396 quae
458 3333 497 3379 ex
510 3314 681 3378 accusativi
696 3313 818 3377 ratione
838 3313 991 3395 originem
1000 3313 1130 3391 ducunt,
1151 3315 1312 3395 aptissime

151 3420 204 3493 illa
233 3420 396 3497 dicrimina
423 3421 589 3491 observari
613 3423 753 3502 possunt.
803 3419 885 3485 Nam
906 3419 986 3485 haec
1008 3421 1197 3502 composita,
1227 3442 1310 3503 quae

152 3527 307 3600 obiectiva
339 3528 589 3605 nominavimus,
632 3529 740 3593 omnia
778 3548 817 3604 ex
851 3528 973 3594 ratione
1005 3527 1125 3599 verbali
1158 3528 1311 3612 (directa)

152 3639 380 3713 manaverunt,
412 3635 474 3711 atie
501 3635 545 3699 ita
571 3639 607 3704 ut
636 3634 769 3703 verbum
795 3634 949 3716 priorem,
981 3635 1042 3701 alia
1068 3641 1104 3699 ut
1132 3637 1308 3703 secundum

152 3745 274 3807 teneret
294 3740 443 3822 locum*).
493 3741 527 3807 In
556 3741 603 3805 his
632 3741 735 3824 igitur·
754 3742 934 3822 compositis
963 3741 1139 3811 dividendis
1167 3741 1310 3809 Clemmii

249 3986 275 4055 *J
291 3986 345 4040 cfr.
363 3986 486 4043 Olcmmii
505 3986 725 4041 dissertationem
742 3986 943 4055 inauguralem,
962 3987 1056 4042 Gissac
1076 3985 1149 4040 1867.
