<?xml version="1.0" encoding="UTF-8"?>
<!DOCTYPE html PUBLIC "-//W3C//DTD XHTML 1.0 Transitional//EN"
    "http://www.w3.org/TR/xhtml1/DTD/xhtml1-transitional.dtd">
<html xmlns="http://www.w3.org/1999/xhtml" xml:lang="en" lang="en">
 <head>
  <title>
</title>
<meta http-equiv="Content-Type" content="text/html;charset=utf-8" />
  <meta name='ocr-system' content='tesseract 3.04.00' />
  <meta name='ocr-capabilities' content='ocr_page ocr_carea ocr_par ocr_line ocrx_word'/>
</head>
<body>
  <div class='ocr_page' id='page_1' title='image "./dearistophanisc00uckegoog_0091.png"; bbox 0 0 2940 4492; ppageno 0'>
   <div class='ocr_carea' id='block_1_1' title="bbox 748 224 790 289">
    <p class='ocr_par' dir='ltr' id='par_1_1' title="bbox 748 224 790 289">
     <span class='ocr_line' id='line_1_1' title="bbox 748 224 790 289; baseline 0.024 -1"><span class='ocrx_word' id='word_1_1' title='bbox 748 224 790 289; x_wconf 88' lang='lat'>78</span> 
     </span>
    </p>
   </div>
   <div class='ocr_carea' id='block_1_2' title="bbox 155 402 1347 4134">
    <p class='ocr_par' dir='ltr' id='par_1_2' title="bbox 183 402 1347 1127">
     <span class='ocr_line' id='line_1_2' title="bbox 266 402 1342 487; baseline 0 -21"><span class='ocrx_word' id='word_1_2' title='bbox 266 402 522 485; x_wconf 75' lang='grc' dir='ltr'><em>Βεκκε-σέληνος</em></span> <span class='ocrx_word' id='word_1_3' title='bbox 549 403 580 467; x_wconf 91' lang='grc' dir='ltr'><strong>Ν</strong></span> <span class='ocrx_word' id='word_1_4' title='bbox 600 404 660 468; x_wconf 89' lang='grc'>398</span> <span class='ocrx_word' id='word_1_5' title='bbox 691 423 757 468; x_wconf 87' lang='lat' dir='ltr'>non</span> <span class='ocrx_word' id='word_1_6' title='bbox 788 403 878 469; x_wconf 81' lang='lat' dir='ltr'>facile</span> <span class='ocrx_word' id='word_1_7' title='bbox 908 402 1099 487; x_wconf 75' lang='lat' dir='ltr'>explicatur,</span> <span class='ocrx_word' id='word_1_8' title='bbox 1129 422 1204 468; x_wconf 89' lang='lat' dir='ltr'>cum</span> <span class='ocrx_word' id='word_1_9' title='bbox 1235 403 1342 468; x_wconf 78' lang='lat' dir='ltr'>licenti</span> 
     </span>
     <span class='ocr_line' id='line_1_3' title="bbox 185 509 1344 594; baseline 0 -19"><span class='ocrx_word' id='word_1_10' title='bbox 185 511 326 594; x_wconf 91' lang='lat' dir='ltr'>quodam</span> <span class='ocrx_word' id='word_1_11' title='bbox 354 529 393 575; x_wconf 87' lang='lat' dir='ltr'>ac</span> <span class='ocrx_word' id='word_1_12' title='bbox 416 510 515 575; x_wconf 87' lang='lat' dir='ltr'>libero</span> <span class='ocrx_word' id='word_1_13' title='bbox 542 509 640 575; x_wconf 87' lang='lat' dir='ltr'>modo</span> <span class='ocrx_word' id='word_1_14' title='bbox 666 511 876 593; x_wconf 88' lang='lat' dir='ltr'>compositum</span> <span class='ocrx_word' id='word_1_15' title='bbox 906 511 962 575; x_wconf 87' lang='lat' dir='ltr'>sit:</span> <span class='ocrx_word' id='word_1_16' title='bbox 988 514 1100 592; x_wconf 77' lang='grc' dir='ltr'><strong><em>βέκκος</em></strong></span> <span class='ocrx_word' id='word_1_17' title='bbox 1120 511 1344 594; x_wconf 78' lang='lat' dir='ltr'>perantiquam</span> 
     </span>
     <span class='ocr_line' id='line_1_4' title="bbox 185 616 1346 700; baseline 0 -19"><span class='ocrx_word' id='word_1_18' title='bbox 185 617 276 699; x_wconf 88' lang='lat' dir='ltr'>panis</span> <span class='ocrx_word' id='word_1_19' title='bbox 312 617 569 698; x_wconf 84' lang='lat' dir='ltr'>significationem</span> <span class='ocrx_word' id='word_1_20' title='bbox 605 618 699 682; x_wconf 86' lang='lat' dir='ltr'>luisse</span> <span class='ocrx_word' id='word_1_21' title='bbox 733 617 852 694; x_wconf 75' lang='lat' dir='ltr'>ferunt,</span> <span class='ocrx_word' id='word_1_22' title='bbox 886 617 1017 700; x_wconf 78' lang='grc' dir='ltr'><em>σέληνος</em></span> <span class='ocrx_word' id='word_1_23' title='bbox 1053 620 1162 682; x_wconf 89' lang='lat' dir='ltr'>autem</span> <span class='ocrx_word' id='word_1_24' title='bbox 1197 616 1346 681; x_wconf 79' lang='lat' dir='ltr'>stultitiae</span> 
     </span>
     <span class='ocr_line' id='line_1_5' title="bbox 187 720 1347 807; baseline -0.002 -19"><span class='ocrx_word' id='word_1_25' title='bbox 187 725 348 788; x_wconf 90' lang='lat' dir='ltr'>notionem</span> <span class='ocrx_word' id='word_1_26' title='bbox 371 724 526 802; x_wconf 88' lang='lat' dir='ltr'>continet,</span> <span class='ocrx_word' id='word_1_27' title='bbox 548 743 647 806; x_wconf 88' lang='lat' dir='ltr'>quam</span> <span class='ocrx_word' id='word_1_28' title='bbox 669 727 701 788; x_wconf 89' lang='lat' dir='ltr'>et</span> <span class='ocrx_word' id='word_1_29' title='bbox 720 725 823 807; x_wconf 84' lang='lat' dir='ltr'>ipsam</span> <span class='ocrx_word' id='word_1_30' title='bbox 844 725 876 789; x_wconf 91' lang='lat' dir='ltr'>in</span> <span class='ocrx_word' id='word_1_31' title='bbox 898 721 1143 807; x_wconf 67' lang='lat' dir='ltr'>estqui-filmer</span> <span class='ocrx_word' id='word_1_32' title='bbox 1164 726 1196 788; x_wconf 94' lang='lat' dir='ltr'>et</span> <span class='ocrx_word' id='word_1_33' title='bbox 1217 720 1347 806; x_wconf 80' lang='grc' dir='ltr'><em>σεληνό-</em></span> 
     </span>
     <span class='ocr_line' id='line_1_6' title="bbox 185 828 1346 913; baseline -0.001 -21"><span class='ocrx_word' id='word_1_34' title='bbox 185 828 325 913; x_wconf 62' lang='lat' dir='ltr'>naama</span> <span class='ocrx_word' id='word_1_35' title='bbox 351 830 512 894; x_wconf 88' lang='lat' dir='ltr'>adiectivis</span> <span class='ocrx_word' id='word_1_36' title='bbox 536 832 636 895; x_wconf 90' lang='lat' dir='ltr'>inesse</span> <span class='ocrx_word' id='word_1_37' title='bbox 662 832 831 896; x_wconf 78' lang='lat' dir='ltr'>scholiasta</span> <span class='ocrx_word' id='word_1_38' title='bbox 852 833 938 896; x_wconf 88' lang='lat' dir='ltr'>testis</span> <span class='ocrx_word' id='word_1_39' title='bbox 959 835 1013 896; x_wconf 89' lang='lat' dir='ltr'>est.</span> <span class='ocrx_word' id='word_1_40' title='bbox 1056 831 1161 910; x_wconf 86' lang='lat' dir='ltr'>Quare</span> <span class='ocrx_word' id='word_1_41' title='bbox 1184 833 1217 895; x_wconf 91' lang='lat' dir='ltr'>in</span> <span class='ocrx_word' id='word_1_42' title='bbox 1238 836 1346 913; x_wconf 79' lang='grc' dir='ltr'><em>βεκκε-</em></span> 
     </span>
     <span class='ocr_line' id='line_1_7' title="bbox 187 936 1346 1021; baseline 0.001 -21"><span class='ocrx_word' id='word_1_43' title='bbox 187 936 317 1021; x_wconf 74' lang='grc' dir='ltr'><em>σέληνος</em></span> <span class='ocrx_word' id='word_1_44' title='bbox 337 939 515 1020; x_wconf 84' lang='lat' dir='ltr'>perantiqui</span> <span class='ocrx_word' id='word_1_45' title='bbox 536 941 567 1002; x_wconf 93' lang='lat' dir='ltr'>et</span> <span class='ocrx_word' id='word_1_46' title='bbox 595 939 744 1003; x_wconf 83' lang='lat' dir='ltr'>stultitiae</span> <span class='ocrx_word' id='word_1_47' title='bbox 771 941 916 1004; x_wconf 91' lang='lat' dir='ltr'>notiones</span> <span class='ocrx_word' id='word_1_48' title='bbox 945 939 1052 1004; x_wconf 89' lang='lat' dir='ltr'>nescio</span> <span class='ocrx_word' id='word_1_49' title='bbox 1079 938 1240 1021; x_wconf 88' lang='lat' dir='ltr'>quomodo</span> <span class='ocrx_word' id='word_1_50' title='bbox 1270 957 1346 1002; x_wconf 87' lang='lat' dir='ltr'>con-</span> 
     </span>
     <span class='ocr_line' id='line_1_8' title="bbox 183 1045 652 1127; baseline 0.002 -19"><span class='ocrx_word' id='word_1_51' title='bbox 183 1063 281 1108; x_wconf 86' lang='lat' dir='ltr'>nexas</span> <span class='ocrx_word' id='word_1_52' title='bbox 303 1064 371 1109; x_wconf 91' lang='lat' dir='ltr'>esse</span> <span class='ocrx_word' id='word_1_53' title='bbox 391 1045 573 1127; x_wconf 91' lang='lat' dir='ltr'>putandum</span> <span class='ocrx_word' id='word_1_54' title='bbox 596 1050 652 1111; x_wconf 87' lang='lat' dir='ltr'>est.</span> 
     </span>
    </p>

    <p class='ocr_par' dir='ltr' id='par_1_3' title="bbox 155 1151 1345 2735">
     <span class='ocr_line' id='line_1_9' title="bbox 267 1151 1345 1241; baseline 0.001 -26"><span class='ocrx_word' id='word_1_55' title='bbox 267 1155 560 1241; x_wconf 78' lang='grc' dir='ltr'><em>Κομψ-ενριπικῶς</em></span> <span class='ocrx_word' id='word_1_56' title='bbox 587 1153 737 1218; x_wconf 87' lang='lat' dir='ltr'>adverbio</span> <span class='ocrx_word' id='word_1_57' title='bbox 766 1154 854 1217; x_wconf 92' lang='lat' dir='ltr'>notio</span> <span class='ocrx_word' id='word_1_58' title='bbox 883 1153 978 1216; x_wconf 89' lang='lat' dir='ltr'>inest:</span> <span class='ocrx_word' id='word_1_59' title='bbox 1007 1152 1088 1216; x_wconf 88' lang='lat' dir='ltr'>bene</span> <span class='ocrx_word' id='word_1_60' title='bbox 1114 1156 1145 1216; x_wconf 92' lang='lat' dir='ltr'>et</span> <span class='ocrx_word' id='word_1_61' title='bbox 1168 1151 1279 1216; x_wconf 89' lang='lat' dir='ltr'>callide</span> <span class='ocrx_word' id='word_1_62' title='bbox 1309 1154 1345 1216; x_wconf 92' lang='lat' dir='ltr'>ut</span> 
     </span>
     <span class='ocr_line' id='line_1_10' title="bbox 184 1258 1344 1342; baseline 0 -20"><span class='ocrx_word' id='word_1_63' title='bbox 184 1258 362 1342; x_wconf 61' lang='lat' dir='ltr'>Euripidem</span> <span class='ocrx_word' id='word_1_64' title='bbox 397 1258 665 1341; x_wconf 74' lang='grc' dir='ltr'><em>βλιντο-μᾰμμας</em></span> <span class='ocrx_word' id='word_1_65' title='bbox 692 1261 722 1324; x_wconf 93' lang='grc' dir='ltr'>Ν</span> <span class='ocrx_word' id='word_1_66' title='bbox 745 1261 841 1336; x_wconf 86' lang='grc'>1001,</span> <span class='ocrx_word' id='word_1_67' title='bbox 875 1259 990 1323; x_wconf 92' lang='lat' dir='ltr'>stultus</span> <span class='ocrx_word' id='word_1_68' title='bbox 1023 1258 1109 1323; x_wconf 81' lang='lat' dir='ltr'>velut</span> <span class='ocrx_word' id='word_1_69' title='bbox 1137 1258 1257 1337; x_wconf 76' lang='lat' dir='ltr'>insane,</span> <span class='ocrx_word' id='word_1_70' title='bbox 1289 1260 1344 1341; x_wconf 92' lang='lat' dir='ltr'>qui</span> 
     </span>
     <span class='ocr_line' id='line_1_11' title="bbox 181 1366 1344 1449; baseline 0.001 -21"><span class='ocrx_word' id='word_1_71' title='bbox 181 1369 318 1432; x_wconf 90' lang='lat' dir='ltr'>matrem</span> <span class='ocrx_word' id='word_1_72' title='bbox 346 1368 476 1443; x_wconf 88' lang='lat' dir='ltr'>clamat;</span> <span class='ocrx_word' id='word_1_73' title='bbox 507 1367 725 1449; x_wconf 79' lang='lat' dir='ltr'>terminologia</span> <span class='ocrx_word' id='word_1_74' title='bbox 747 1369 854 1431; x_wconf 89' lang='lat' dir='ltr'>autem</span> <span class='ocrx_word' id='word_1_75' title='bbox 876 1366 970 1431; x_wconf 90' lang='lat' dir='ltr'>huius</span> <span class='ocrx_word' id='word_1_76' title='bbox 998 1385 1099 1448; x_wconf 86' lang='lat' dir='ltr'>comp.</span> <span class='ocrx_word' id='word_1_77' title='bbox 1122 1384 1227 1448; x_wconf 91' lang='lat' dir='ltr'>neque</span> <span class='ocrx_word' id='word_1_78' title='bbox 1256 1385 1344 1430; x_wconf 88' lang='lat' dir='ltr'>nune</span> 
     </span>
     <span class='ocr_line' id='line_1_12' title="bbox 181 1472 1342 1557; baseline -0.001 -20"><span class='ocrx_word' id='word_1_79' title='bbox 181 1477 229 1537; x_wconf 90' lang='lat' dir='ltr'>est</span> <span class='ocrx_word' id='word_1_80' title='bbox 250 1473 337 1538; x_wconf 87' lang='lat' dir='ltr'>clara</span> <span class='ocrx_word' id='word_1_81' title='bbox 357 1493 460 1557; x_wconf 90' lang='lat' dir='ltr'>neque</span> <span class='ocrx_word' id='word_1_82' title='bbox 481 1475 618 1557; x_wconf 88' lang='lat' dir='ltr'>antiquis</span> <span class='ocrx_word' id='word_1_83' title='bbox 640 1477 717 1537; x_wconf 89' lang='lat' dir='ltr'>erat.</span> <span class='ocrx_word' id='word_1_84' title='bbox 742 1508 778 1517; x_wconf 97' lang='lat'>-</span> <span class='ocrx_word' id='word_1_85' title='bbox 801 1472 1094 1555; x_wconf 57' lang='lat' dir='ltr'>[squalore-atsur</span> <span class='ocrx_word' id='word_1_86' title='bbox 1109 1472 1295 1553; x_wconf 82' lang='lat' dir='ltr'>ntellegitur</span> <span class='ocrx_word' id='word_1_87' title='bbox 1317 1473 1342 1536; x_wconf 90' lang='lat' dir='ltr'>is</span> 
     </span>
     <span class='ocr_line' id='line_1_13' title="bbox 182 1580 1342 1663; baseline 0 -18"><span class='ocrx_word' id='word_1_88' title='bbox 182 1582 238 1663; x_wconf 92' lang='lat' dir='ltr'>qui</span> <span class='ocrx_word' id='word_1_89' title='bbox 256 1581 343 1663; x_wconf 88' lang='lat' dir='ltr'>apud</span> <span class='ocrx_word' id='word_1_90' title='bbox 365 1582 491 1662; x_wconf 85' lang='lat' dir='ltr'>plebem</span> <span class='ocrx_word' id='word_1_91' title='bbox 512 1581 609 1644; x_wconf 84' lang='lat' dir='ltr'>verba</span> <span class='ocrx_word' id='word_1_92' title='bbox 630 1581 705 1644; x_wconf 87' lang='lat' dir='ltr'>facit</span> <span class='ocrx_word' id='word_1_93' title='bbox 727 1584 792 1659; x_wconf 90' lang='lat' dir='ltr'>aut,</span> <span class='ocrx_word' id='word_1_94' title='bbox 816 1582 871 1663; x_wconf 92' lang='lat' dir='ltr'>qui</span> <span class='ocrx_word' id='word_1_95' title='bbox 893 1580 1087 1644; x_wconf 88' lang='lat' dir='ltr'>orationibus</span> <span class='ocrx_word' id='word_1_96' title='bbox 1109 1581 1196 1662; x_wconf 91' lang='lat' dir='ltr'>apud</span> <span class='ocrx_word' id='word_1_97' title='bbox 1218 1581 1342 1662; x_wconf 90' lang='lat' dir='ltr'>plebem</span> 
     </span>
     <span class='ocr_line' id='line_1_14' title="bbox 155 1685 1342 1776; baseline 0 -26"><span class='ocrx_word' id='word_1_98' title='bbox 155 1685 157 1688; x_wconf 71' lang='grc'>’</span> <span class='ocrx_word' id='word_1_99' title='bbox 182 1688 298 1752; x_wconf 90' lang='lat' dir='ltr'>habitis</span> <span class='ocrx_word' id='word_1_100' title='bbox 325 1688 452 1752; x_wconf 89' lang='lat' dir='ltr'>illustris</span> <span class='ocrx_word' id='word_1_101' title='bbox 482 1691 545 1762; x_wconf 90' lang='lat' dir='ltr'>est;</span> <span class='ocrx_word' id='word_1_102' title='bbox 576 1688 764 1752; x_wconf 82' lang='lat' dir='ltr'>adieetivum</span> <span class='ocrx_word' id='word_1_103' title='bbox 795 1691 903 1751; x_wconf 91' lang='lat' dir='ltr'>autem</span> <span class='ocrx_word' id='word_1_104' title='bbox 929 1687 1016 1770; x_wconf 88' lang='lat' dir='ltr'>quod</span> <span class='ocrx_word' id='word_1_105' title='bbox 1042 1691 1089 1751; x_wconf 88' lang='lat' dir='ltr'>est</span> <span class='ocrx_word' id='word_1_106' title='bbox 1115 1699 1342 1776; x_wconf 81' lang='grc' dir='ltr'><em>ψαμμακοσιο-</em></span> 
     </span>
     <span class='ocr_line' id='line_1_15' title="bbox 181 1793 1341 1883; baseline 0.001 -26"><span class='ocrx_word' id='word_1_107' title='bbox 181 1795 360 1878; x_wconf 78' lang='grc' dir='ltr'><em>γάργαρα*)</em></span> <span class='ocrx_word' id='word_1_108' title='bbox 381 1799 412 1860; x_wconf 91' lang='lat' dir='ltr'>et</span> <span class='ocrx_word' id='word_1_109' title='bbox 431 1799 534 1878; x_wconf 90' lang='lat' dir='ltr'>ipsum</span> <span class='ocrx_word' id='word_1_110' title='bbox 555 1796 674 1859; x_wconf 88' lang='lat' dir='ltr'>comice</span> <span class='ocrx_word' id='word_1_111' title='bbox 692 1796 903 1877; x_wconf 86' lang='lat' dir='ltr'>compositum</span> <span class='ocrx_word' id='word_1_112' title='bbox 923 1798 983 1858; x_wconf 90' lang='lat' dir='ltr'>est:</span> <span class='ocrx_word' id='word_1_113' title='bbox 1009 1793 1238 1883; x_wconf 77' lang='grc' dir='ltr'><strong><em>ψαμμακόσιοι</em></strong></span> <span class='ocrx_word' id='word_1_114' title='bbox 1257 1796 1341 1858; x_wconf 92' lang='lat' dir='ltr'>enim</span> 
     </span>
     <span class='ocr_line' id='line_1_16' title="bbox 182 1903 1341 1985; baseline 0 -19"><span class='ocrx_word' id='word_1_115' title='bbox 182 1904 326 1984; x_wconf 85' lang='lat' dir='ltr'>exprimit</span> <span class='ocrx_word' id='word_1_116' title='bbox 349 1903 611 1966; x_wconf 86' lang='lat' dir='ltr'>innumerabilem</span> <span class='ocrx_word' id='word_1_117' title='bbox 640 1903 805 1985; x_wconf 89' lang='lat' dir='ltr'>quandum</span> <span class='ocrx_word' id='word_1_118' title='bbox 834 1903 975 1984; x_wconf 87' lang='lat' dir='ltr'>copiam:</span> <span class='ocrx_word' id='word_1_119' title='bbox 1004 1905 1131 1966; x_wconf 90' lang='lat' dir='ltr'>tantum</span> <span class='ocrx_word' id='word_1_120' title='bbox 1159 1921 1341 1984; x_wconf 82' lang='lat' dir='ltr'>granorum,</span> 
     </span>
     <span class='ocr_line' id='line_1_17' title="bbox 182 1994 1341 2091; baseline 0 -19"><span class='ocrx_word' id='word_1_121' title='bbox 182 2013 339 2091; x_wconf 89' lang='lat' dir='ltr'>quantum</span> <span class='ocrx_word' id='word_1_122' title='bbox 354 2029 451 2074; x_wconf 88' lang='lat' dir='ltr'>arena</span> <span class='ocrx_word' id='word_1_123' title='bbox 465 2011 591 2074; x_wconf 87' lang='lat' dir='ltr'>marina</span> <span class='ocrx_word' id='word_1_124' title='bbox 605 2011 714 2086; x_wconf 72' lang='lat' dir='ltr'>habet,</span> <span class='ocrx_word' id='word_1_125' title='bbox 732 2008 876 2091; x_wconf 80' lang='grc' dir='ltr'><em>γάργαρα</em></span> <span class='ocrx_word' id='word_1_126' title='bbox 897 2013 1006 2073; x_wconf 90' lang='lat' dir='ltr'>autem</span> <span class='ocrx_word' id='word_1_127' title='bbox 1025 2013 1056 2073; x_wconf 90' lang='lat' dir='ltr'>et</span> <span class='ocrx_word' id='word_1_128' title='bbox 1077 2009 1161 2072; x_wconf 86' lang='lat' dir='ltr'>idem</span> <span class='ocrx_word' id='word_1_129' title='bbox 1179 1994 1233 2073; x_wconf 82' lang='lat' dir='ltr'>est</span> <span class='ocrx_word' id='word_1_130' title='bbox 1244 2028 1341 2074; x_wconf 89' lang='lat' dir='ltr'>arena</span> 
     </span>
     <span class='ocr_line' id='line_1_18' title="bbox 181 2116 1340 2198; baseline 0 -18"><span class='ocrx_word' id='word_1_131' title='bbox 181 2117 395 2194; x_wconf 85' lang='lat' dir='ltr'>desertorum,</span> <span class='ocrx_word' id='word_1_132' title='bbox 436 2119 479 2180; x_wconf 91' lang='lat' dir='ltr'>ita</span> <span class='ocrx_word' id='word_1_133' title='bbox 518 2121 553 2181; x_wconf 91' lang='lat' dir='ltr'>ut</span> <span class='ocrx_word' id='word_1_134' title='bbox 585 2120 687 2181; x_wconf 89' lang='lat' dir='ltr'>totum</span> <span class='ocrx_word' id='word_1_135' title='bbox 721 2117 853 2180; x_wconf 90' lang='lat' dir='ltr'>verbum</span> <span class='ocrx_word' id='word_1_136' title='bbox 887 2117 1038 2196; x_wconf 83' lang='lat' dir='ltr'>significet</span> <span class='ocrx_word' id='word_1_137' title='bbox 1068 2116 1151 2178; x_wconf 90' lang='lat' dir='ltr'>idem</span> <span class='ocrx_word' id='word_1_138' title='bbox 1184 2136 1221 2182; x_wconf 87' lang='lat' dir='ltr'>ao</span> <span class='ocrx_word' id='word_1_139' title='bbox 1256 2117 1340 2198; x_wconf 90' lang='lat' dir='ltr'>prius</span> 
     </span>
     <span class='ocr_line' id='line_1_19' title="bbox 184 2222 1341 2306; baseline 0 -20"><span class='ocrx_word' id='word_1_140' title='bbox 184 2223 382 2301; x_wconf 87' lang='lat' dir='ltr'>membrum,</span> <span class='ocrx_word' id='word_1_141' title='bbox 418 2224 503 2306; x_wconf 90' lang='lat' dir='ltr'>quod</span> <span class='ocrx_word' id='word_1_142' title='bbox 538 2245 576 2286; x_wconf 83' lang='lat' dir='ltr'>ex</span> <span class='ocrx_word' id='word_1_143' title='bbox 604 2223 693 2288; x_wconf 79' lang='lat' dir='ltr'>Alexi</span> <span class='ocrx_word' id='word_1_144' title='bbox 728 2223 848 2286; x_wconf 88' lang='lat' dir='ltr'>comico</span> <span class='ocrx_word' id='word_1_145' title='bbox 878 2222 969 2286; x_wconf 87' lang='lat' dir='ltr'>affert</span> <span class='ocrx_word' id='word_1_146' title='bbox 1003 2223 1196 2303; x_wconf 86' lang='lat' dir='ltr'>Athenaeus.</span> <span class='ocrx_word' id='word_1_147' title='bbox 1234 2259 1272 2267; x_wconf 95' lang='lat'>—</span> <span class='ocrx_word' id='word_1_148' title='bbox 1304 2223 1341 2286; x_wconf 89' lang='lat' dir='ltr'>ln</span> 
     </span>
     <span class='ocr_line' id='line_1_20' title="bbox 180 2328 1340 2414; baseline -0.003 -21"><span class='ocrx_word' id='word_1_149' title='bbox 180 2328 389 2412; x_wconf 76' lang='grc' dir='ltr'><em>βομβ-αύλιος</em></span> <span class='ocrx_word' id='word_1_150' title='bbox 403 2330 432 2393; x_wconf 87' lang='grc' dir='ltr'><strong>Α</strong></span> <span class='ocrx_word' id='word_1_151' title='bbox 445 2331 504 2394; x_wconf 83' lang='grc'>866</span> <span class='ocrx_word' id='word_1_152' title='bbox 525 2330 654 2393; x_wconf 92' lang='lat' dir='ltr'>nomine</span> <span class='ocrx_word' id='word_1_153' title='bbox 669 2349 778 2393; x_wconf 88' lang='lat' dir='ltr'>rursus</span> <span class='ocrx_word' id='word_1_154' title='bbox 792 2330 972 2393; x_wconf 90' lang='lat' dir='ltr'>membrum</span> <span class='ocrx_word' id='word_1_155' title='bbox 987 2331 1074 2414; x_wconf 89' lang='lat' dir='ltr'>prius</span> <span class='ocrx_word' id='word_1_156' title='bbox 1089 2329 1166 2412; x_wconf 82' lang='grc' dir='ltr'><strong><em>παρ’</em></strong></span> <span class='ocrx_word' id='word_1_157' title='bbox 1181 2328 1340 2393; x_wconf 78' lang='grc' dir='ltr'><em>ὑπόνοιαν</em></span> 
     </span>
     <span class='ocr_line' id='line_1_21' title="bbox 182 2434 1341 2520; baseline -0.002 -18"><span class='ocrx_word' id='word_1_158' title='bbox 182 2442 412 2502; x_wconf 91' lang='lat' dir='ltr'>commutatum</span> <span class='ocrx_word' id='word_1_159' title='bbox 430 2441 490 2501; x_wconf 88' lang='lat' dir='ltr'>est:</span> <span class='ocrx_word' id='word_1_160' title='bbox 513 2442 715 2520; x_wconf 86' lang='lat' dir='ltr'>expectamus</span> <span class='ocrx_word' id='word_1_161' title='bbox 736 2438 819 2501; x_wconf 87' lang='lat' dir='ltr'>enim</span> <span class='ocrx_word' id='word_1_162' title='bbox 842 2437 992 2502; x_wconf 86' lang='lat' dir='ltr'>hocloco</span> <span class='ocrx_word' id='word_1_163' title='bbox 1012 2457 1122 2502; x_wconf 88' lang='lat' dir='ltr'>vocem</span> <span class='ocrx_word' id='word_1_164' title='bbox 1145 2434 1341 2517; x_wconf 62' lang='lat' dir='ltr'>aua-azam,</span> 
     </span>
     <span class='ocr_line' id='line_1_22' title="bbox 182 2545 1340 2628; baseline 0.003 -20"><span class='ocrx_word' id='word_1_165' title='bbox 182 2565 239 2628; x_wconf 89' lang='lat' dir='ltr'>pro</span> <span class='ocrx_word' id='word_1_166' title='bbox 252 2565 325 2627; x_wconf 90' lang='lat' dir='ltr'>qua,</span> <span class='ocrx_word' id='word_1_167' title='bbox 341 2549 376 2608; x_wconf 93' lang='lat' dir='ltr'>ut</span> <span class='ocrx_word' id='word_1_168' title='bbox 391 2547 543 2609; x_wconf 89' lang='lat' dir='ltr'>maiorem</span> <span class='ocrx_word' id='word_1_169' title='bbox 558 2547 649 2628; x_wconf 88' lang='lat' dir='ltr'>quasi</span> <span class='ocrx_word' id='word_1_170' title='bbox 663 2545 870 2609; x_wconf 83' lang='lat' dir='ltr'>tremitumac</span> <span class='ocrx_word' id='word_1_171' title='bbox 882 2546 1022 2610; x_wconf 88' lang='lat' dir='ltr'>sonitum</span> <span class='ocrx_word' id='word_1_172' title='bbox 1036 2545 1193 2628; x_wconf 74' lang='grc' dir='ltr'>(βομβέω)</span> <span class='ocrx_word' id='word_1_173' title='bbox 1204 2551 1340 2624; x_wconf 88' lang='lat' dir='ltr'>notaret,</span> 
     </span>
     <span class='ocr_line' id='line_1_23' title="bbox 180 2648 641 2735; baseline 0.002 -19"><span class='ocrx_word' id='word_1_174' title='bbox 180 2657 275 2735; x_wconf 69' lang='lat' dir='ltr'>potita</span> <span class='ocrx_word' id='word_1_175' title='bbox 295 2648 492 2732; x_wconf 70' lang='grc' dir='ltr'><em>βομβανῖλιος</em></span> <span class='ocrx_word' id='word_1_176' title='bbox 511 2652 641 2732; x_wconf 69' lang='lat' dir='ltr'>posuit.</span> 
     </span>
    </p>

    <p class='ocr_par' dir='ltr' id='par_1_4' title="bbox 179 2756 1342 3894">
     <span class='ocr_line' id='line_1_24' title="bbox 264 2756 1342 2842; baseline 0.003 -22"><span class='ocrx_word' id='word_1_177' title='bbox 264 2756 613 2840; x_wconf 74' lang='grc' dir='ltr'><em>θυμβρ-επί-δειπνος</em></span> <span class='ocrx_word' id='word_1_178' title='bbox 647 2758 676 2821; x_wconf 91' lang='grc' dir='ltr'>Ν</span> <span class='ocrx_word' id='word_1_179' title='bbox 700 2758 776 2834; x_wconf 74' lang='lat'>4021,</span> <span class='ocrx_word' id='word_1_180' title='bbox 811 2759 965 2823; x_wconf 85' lang='lat' dir='ltr'>adiectivo</span> <span class='ocrx_word' id='word_1_181' title='bbox 998 2759 1190 2840; x_wconf 85' lang='lat' dir='ltr'>significatur</span> <span class='ocrx_word' id='word_1_182' title='bbox 1227 2761 1251 2823; x_wconf 90' lang='lat' dir='ltr'>is</span> <span class='ocrx_word' id='word_1_183' title='bbox 1287 2762 1342 2842; x_wconf 90' lang='lat' dir='ltr'>qui</span> 
     </span>
     <span class='ocr_line' id='line_1_25' title="bbox 181 2864 1340 2948; baseline 0.002 -19"><span class='ocrx_word' id='word_1_184' title='bbox 181 2865 334 2947; x_wconf 76' lang='grc' dir='ltr'><em>θύμβρον</em></span> <span class='ocrx_word' id='word_1_185' title='bbox 363 2867 405 2930; x_wconf 90' lang='lat' dir='ltr'>ad</span> <span class='ocrx_word' id='word_1_186' title='bbox 434 2884 566 2929; x_wconf 89' lang='lat' dir='ltr'>coenam</span> <span class='ocrx_word' id='word_1_187' title='bbox 597 2864 667 2944; x_wconf 80' lang='grc' dir='ltr'>(ἐπὶ</span> <span class='ocrx_word' id='word_1_188' title='bbox 688 2866 734 2945; x_wconf 75' lang='grc' dir='ltr'>τῷ</span> <span class='ocrx_word' id='word_1_189' title='bbox 754 2866 889 2948; x_wconf 78' lang='grc' dir='ltr'><em>δείπνῳ)</em></span> <span class='ocrx_word' id='word_1_190' title='bbox 920 2866 1017 2931; x_wconf 89' lang='lat' dir='ltr'>habet</span> <span class='ocrx_word' id='word_1_191' title='bbox 1046 2867 1064 2929; x_wconf 91' lang='lat' dir='ltr'>i.</span> <span class='ocrx_word' id='word_1_192' title='bbox 1087 2886 1114 2929; x_wconf 94' lang='lat' dir='ltr'>e.</span> <span class='ocrx_word' id='word_1_193' title='bbox 1136 2867 1340 2948; x_wconf 87' lang='lat' dir='ltr'>pauperrime</span> 
     </span>
     <span class='ocr_line' id='line_1_26' title="bbox 180 2969 1340 3054; baseline 0.002 -18"><span class='ocrx_word' id='word_1_194' title='bbox 180 2975 297 3037; x_wconf 84' lang='lat' dir='ltr'>vivens</span> <span class='ocrx_word' id='word_1_195' title='bbox 338 2973 373 3036; x_wconf 92' lang='lat' dir='ltr'>ln</span> <span class='ocrx_word' id='word_1_196' title='bbox 395 2969 671 3054; x_wconf 75' lang='grc' dir='ltr'><em>ὑφαντο-δόνητος</em></span> <span class='ocrx_word' id='word_1_197' title='bbox 691 2972 741 3036; x_wconf 87' lang='lat' dir='ltr'>Av</span> <span class='ocrx_word' id='word_1_198' title='bbox 762 2972 823 3036; x_wconf 76' lang='lat'>943</span> <span class='ocrx_word' id='word_1_199' title='bbox 845 2975 953 3036; x_wconf 85' lang='lat' dir='ltr'>autern</span> <span class='ocrx_word' id='word_1_200' title='bbox 972 2972 1126 3037; x_wconf 89' lang='lat' dir='ltr'>adiectivo</span> <span class='ocrx_word' id='word_1_201' title='bbox 1146 2974 1198 3037; x_wconf 83' lang='lat' dir='ltr'>rix</span> <span class='ocrx_word' id='word_1_202' title='bbox 1219 2977 1340 3038; x_wconf 85' lang='lat' dir='ltr'>certam</span> 
     </span>
     <span class='ocr_line' id='line_1_27' title="bbox 183 3080 1341 3163; baseline 0 -19"><span class='ocrx_word' id='word_1_203' title='bbox 183 3083 343 3146; x_wconf 91' lang='lat' dir='ltr'>notionem</span> <span class='ocrx_word' id='word_1_204' title='bbox 364 3081 540 3162; x_wconf 84' lang='lat' dir='ltr'>agnoveris:</span> <span class='ocrx_word' id='word_1_205' title='bbox 563 3080 765 3163; x_wconf 90' lang='lat' dir='ltr'>nequeenim</span> <span class='ocrx_word' id='word_1_206' title='bbox 779 3080 954 3162; x_wconf 91' lang='lat' dir='ltr'>quidquam</span> <span class='ocrx_word' id='word_1_207' title='bbox 969 3080 1055 3144; x_wconf 91' lang='lat' dir='ltr'>aliud</span> <span class='ocrx_word' id='word_1_208' title='bbox 1071 3082 1201 3163; x_wconf 83' lang='lat' dir='ltr'>exprimi</span> <span class='ocrx_word' id='word_1_209' title='bbox 1217 3081 1341 3145; x_wconf 89' lang='lat' dir='ltr'>videtur</span> 
     </span>
     <span class='ocr_line' id='line_1_28' title="bbox 181 3184 1341 3270; baseline 0 -20"><span class='ocrx_word' id='word_1_210' title='bbox 181 3188 239 3251; x_wconf 90' lang='lat' dir='ltr'>nisi</span> <span class='ocrx_word' id='word_1_211' title='bbox 260 3188 346 3270; x_wconf 88' lang='lat' dir='ltr'>quod</span> <span class='ocrx_word' id='word_1_212' title='bbox 367 3185 511 3269; x_wconf 77' lang='grc' dir='ltr'><em>ὑφαντός</em></span> <span class='ocrx_word' id='word_1_213' title='bbox 532 3186 661 3268; x_wconf 82' lang='lat' dir='ltr'>(textus)</span> <span class='ocrx_word' id='word_1_214' title='bbox 693 3187 813 3250; x_wconf 91' lang='lat' dir='ltr'>nomini</span> <span class='ocrx_word' id='word_1_215' title='bbox 838 3187 933 3263; x_wconf 76' lang='lat' dir='ltr'>inest,</span> <span class='ocrx_word' id='word_1_216' title='bbox 962 3188 1013 3251; x_wconf 91' lang='lat' dir='ltr'>cui</span> <span class='ocrx_word' id='word_1_217' title='bbox 1034 3186 1184 3269; x_wconf 81' lang='lat' dir='ltr'>adhaeret</span> <span class='ocrx_word' id='word_1_218' title='bbox 1207 3184 1341 3269; x_wconf 79' lang='grc' dir='ltr'><em>δόνηνος</em></span> 
     </span>
     <span class='ocr_line' id='line_1_29' title="bbox 180 3294 1341 3376; baseline -0.001 -17"><span class='ocrx_word' id='word_1_219' title='bbox 180 3295 321 3372; x_wconf 86' lang='lat' dir='ltr'>affixum,</span> <span class='ocrx_word' id='word_1_220' title='bbox 342 3313 406 3376; x_wconf 90' lang='lat' dir='ltr'>quo</span> <span class='ocrx_word' id='word_1_221' title='bbox 422 3295 553 3357; x_wconf 86' lang='lat' dir='ltr'>fortasse</span> <span class='ocrx_word' id='word_1_222' title='bbox 565 3297 707 3359; x_wconf 91' lang='lat' dir='ltr'>notatur:</span> <span class='ocrx_word' id='word_1_223' title='bbox 731 3294 781 3356; x_wconf 77' lang='lat' dir='ltr'>»in</span> <span class='ocrx_word' id='word_1_224' title='bbox 800 3294 968 3368; x_wconf 82' lang='lat' dir='ltr'>rotando«;</span> <span class='ocrx_word' id='word_1_225' title='bbox 990 3294 1051 3358; x_wconf 86' lang='lat' dir='ltr'>hoc</span> <span class='ocrx_word' id='word_1_226' title='bbox 1071 3295 1142 3358; x_wconf 91' lang='lat' dir='ltr'>ideo</span> <span class='ocrx_word' id='word_1_227' title='bbox 1163 3296 1341 3376; x_wconf 89' lang='lat' dir='ltr'>composuit</span> 
     </span>
     <span class='ocr_line' id='line_1_30' title="bbox 181 3399 1338 3483; baseline 0.001 -17"><span class='ocrx_word' id='word_1_228' title='bbox 181 3406 284 3483; x_wconf 74' lang='lat' dir='ltr'>poeta,</span> <span class='ocrx_word' id='word_1_229' title='bbox 306 3403 341 3465; x_wconf 93' lang='lat' dir='ltr'>ut</span> <span class='ocrx_word' id='word_1_230' title='bbox 352 3401 495 3464; x_wconf 87' lang='lat' dir='ltr'>illuderet</span> <span class='ocrx_word' id='word_1_231' title='bbox 515 3403 683 3482; x_wconf 77' lang='lat' dir='ltr'>poetarum</span> <span class='ocrx_word' id='word_1_232' title='bbox 702 3399 1005 3481; x_wconf 87' lang='lat' dir='ltr'>dithyrambieorum</span> <span class='ocrx_word' id='word_1_233' title='bbox 1026 3401 1183 3465; x_wconf 86' lang='lat' dir='ltr'>rationem</span> <span class='ocrx_word' id='word_1_234' title='bbox 1205 3403 1338 3467; x_wconf 91' lang='lat' dir='ltr'>immen-</span> 
     </span>
     <span class='ocr_line' id='line_1_31' title="bbox 179 3488 1338 3589; baseline -0.001 -16"><span class='ocrx_word' id='word_1_235' title='bbox 179 3529 268 3586; x_wconf 88' lang='lat' dir='ltr'>sam,</span> <span class='ocrx_word' id='word_1_236' title='bbox 289 3512 324 3572; x_wconf 92' lang='lat' dir='ltr'>ut</span> <span class='ocrx_word' id='word_1_237' title='bbox 345 3510 389 3571; x_wconf 86' lang='lat' dir='ltr'>ita</span> <span class='ocrx_word' id='word_1_238' title='bbox 406 3488 532 3584; x_wconf 73' lang='lat' dir='ltr'>dicam,</span> <span class='ocrx_word' id='word_1_239' title='bbox 555 3510 587 3570; x_wconf 91' lang='lat' dir='ltr'>et</span> <span class='ocrx_word' id='word_1_240' title='bbox 607 3507 826 3571; x_wconf 89' lang='lat' dir='ltr'>abundantem</span> <span class='ocrx_word' id='word_1_241' title='bbox 848 3508 880 3570; x_wconf 88' lang='lat' dir='ltr'>in</span> <span class='ocrx_word' id='word_1_242' title='bbox 900 3507 1003 3571; x_wconf 88' lang='lat' dir='ltr'>verbis</span> <span class='ocrx_word' id='word_1_243' title='bbox 1026 3509 1260 3589; x_wconf 86' lang='lat' dir='ltr'>componendis.</span> <span class='ocrx_word' id='word_1_244' title='bbox 1304 3509 1338 3572; x_wconf 91' lang='lat' dir='ltr'>In</span> 
     </span>
     <span class='ocr_line' id='line_1_32' title="bbox 180 3613 1339 3697; baseline 0.001 -20"><span class='ocrx_word' id='word_1_245' title='bbox 180 3613 501 3697; x_wconf 75' lang='grc' dir='ltr'><em>ἐγ-γλωττο-γάστωρ</em></span> <span class='ocrx_word' id='word_1_246' title='bbox 521 3614 572 3678; x_wconf 89' lang='lat' dir='ltr'>Av</span> <span class='ocrx_word' id='word_1_247' title='bbox 596 3614 674 3677; x_wconf 79' lang='lat'>1695</span> <span class='ocrx_word' id='word_1_248' title='bbox 695 3614 831 3677; x_wconf 86' lang='lat' dir='ltr'>nominis</span> <span class='ocrx_word' id='word_1_249' title='bbox 851 3613 1007 3695; x_wconf 84' lang='lat' dir='ltr'>simplicis,</span> <span class='ocrx_word' id='word_1_250' title='bbox 1029 3614 1116 3697; x_wconf 87' lang='lat' dir='ltr'>quod</span> <span class='ocrx_word' id='word_1_251' title='bbox 1138 3619 1185 3678; x_wconf 87' lang='lat' dir='ltr'>est</span> <span class='ocrx_word' id='word_1_252' title='bbox 1206 3615 1339 3695; x_wconf 80' lang='grc' dir='ltr'><strong><em>γλωττο-</em></strong></span> 
     </span>
     <span class='ocr_line' id='line_1_33' title="bbox 179 3719 1338 3802; baseline 0.004 -19"><span class='ocrx_word' id='word_1_253' title='bbox 179 3719 323 3802; x_wconf 68' lang='lat' dir='ltr'>poturae,</span> <span class='ocrx_word' id='word_1_254' title='bbox 358 3722 446 3785; x_wconf 90' lang='lat' dir='ltr'>notio</span> <span class='ocrx_word' id='word_1_255' title='bbox 478 3721 596 3786; x_wconf 90' lang='lat' dir='ltr'>cornice</span> <span class='ocrx_word' id='word_1_256' title='bbox 628 3719 819 3802; x_wconf 87' lang='lat' dir='ltr'>amplificata</span> <span class='ocrx_word' id='word_1_257' title='bbox 852 3724 912 3795; x_wconf 90' lang='lat' dir='ltr'>est;</span> <span class='ocrx_word' id='word_1_258' title='bbox 949 3725 1102 3786; x_wconf 87' lang='lat' dir='ltr'>notantur</span> <span class='ocrx_word' id='word_1_259' title='bbox 1134 3722 1276 3788; x_wconf 89' lang='lat' dir='ltr'>rhetores</span> <span class='ocrx_word' id='word_1_260' title='bbox 1307 3726 1338 3788; x_wconf 94' lang='lat' dir='ltr'>et</span> 
     </span>
     <span class='ocr_line' id='line_1_34' title="bbox 180 3829 334 3894; baseline -0.019 -1"><span class='ocrx_word' id='word_1_261' title='bbox 180 3829 334 3894; x_wconf 87' lang='lat' dir='ltr'>causidici.</span> 
     </span>
    </p>

    <p class='ocr_par' dir='ltr' id='par_1_5' title="bbox 179 3974 1338 4134">
     <span class='ocr_line' id='line_1_35' title="bbox 277 3974 1338 4051; baseline 0.005 -25"><span class='ocrx_word' id='word_1_262' title='bbox 277 3974 303 4043; x_wconf 83' lang='lat'>*)</span> <span class='ocrx_word' id='word_1_263' title='bbox 327 3974 404 4028; x_wconf 88' lang='lat' dir='ltr'>Hanc</span> <span class='ocrx_word' id='word_1_264' title='bbox 426 3974 590 4044; x_wconf 86' lang='lat' dir='ltr'>scripturam</span> <span class='ocrx_word' id='word_1_265' title='bbox 616 3978 728 4045; x_wconf 86' lang='lat' dir='ltr'>propter</span> <span class='ocrx_word' id='word_1_266' title='bbox 752 3974 963 4029; x_wconf 86' lang='lat' dir='ltr'>similitudinem</span> <span class='ocrx_word' id='word_1_267' title='bbox 986 3975 1145 4051; x_wconf 77' lang='lat' dir='ltr'>verborum,</span> <span class='ocrx_word' id='word_1_268' title='bbox 1177 3993 1249 4046; x_wconf 85' lang='lat' dir='ltr'>quae</span> <span class='ocrx_word' id='word_1_269' title='bbox 1272 3978 1338 4031; x_wconf 82' lang='lat' dir='ltr'>sunt</span> 
     </span>
     <span class='ocr_line' id='line_1_36' title="bbox 179 4060 1320 4134; baseline 0.007 -25"><span class='ocrx_word' id='word_1_270' title='bbox 179 4060 290 4112; x_wconf 79' lang='grc' dir='ltr'><strong><em>διακόσια</em></strong></span> <span class='ocrx_word' id='word_1_271' title='bbox 311 4063 371 4125; x_wconf 63' lang='lat' dir='ltr'>ete„</span> <span class='ocrx_word' id='word_1_272' title='bbox 390 4060 569 4129; x_wconf 61' lang='lat' dir='ltr'>praetulerim</span> <span class='ocrx_word' id='word_1_273' title='bbox 587 4061 626 4127; x_wconf 84' lang='lat' dir='ltr'>ei,</span> <span class='ocrx_word' id='word_1_274' title='bbox 644 4078 714 4130; x_wconf 81' lang='lat' dir='ltr'>quae</span> <span class='ocrx_word' id='word_1_275' title='bbox 734 4060 811 4116; x_wconf 78' lang='lat' dir='ltr'>libris</span> <span class='ocrx_word' id='word_1_276' title='bbox 829 4062 986 4119; x_wconf 63' lang='lat' dir='ltr'>exhibetur:</span> <span class='ocrx_word' id='word_1_277' title='bbox 1005 4065 1320 4134; x_wconf 53' lang='grc' dir='ltr'><strong><em>ψαμμσ-κοσιοῆνὶργαρα.</em></strong></span> 
     </span>
    </p>
   </div>
   <div class='ocr_carea' id='block_1_3' title="bbox 0 0 1474 4492">
    <p class='ocr_par' dir='ltr' id='par_1_6' title="bbox 0 0 1474 4492">
     <span class='ocr_line' id='line_1_37' title="bbox 0 0 1474 4492; baseline 0 2"><span class='ocrx_word' id='word_1_278' title='bbox 0 0 1474 4492; x_wconf 95' lang='lat' dir='ltr'> </span> 
     </span>
    </p>
   </div>
  </div>
 </body>
</html>
