2940 4492
641 179 677 245 11

165 359 414 442 ἐπικοκκάστρια
431 359 482 426 Th
505 360 599 439 1059,
629 359 716 444 quod
737 357 923 425 Eutherius
949 376 1087 441 eumque
1109 360 1237 424 secutus

83 469 271 535 Fritzschius
299 467 338 533 de
366 465 562 544 ἐπικοκκάζω
585 465 737 551 (κοκκάζω
759 467 862 531 forma
882 464 986 530 aliena
1005 465 1095 529 verbi
1113 463 1240 543 καχάζω

84 576 145 658 est)
164 575 319 654 derivant,
336 577 372 639 ut
389 575 443 640 sit:
464 573 510 639 Ea
524 593 607 657 quae
622 577 694 656 post
706 572 783 656 alqd
798 572 847 637 vel
862 573 903 636 do
918 572 993 655 alqa
1003 591 1038 636 re
1052 571 1143 650 ridet,
1156 590 1238 654 quae

83 683 199 758 illudit;
223 682 279 747 sed
299 700 399 765 quum
421 699 462 746 ne
485 680 625 758 κοκκάζοι
647 680 775 764 quidem
794 679 927 744 verbum
949 679 1041 744 certis
1054 679 1241 744 testimoniis

84 791 245 869 firmetur,
268 808 327 871 ego
348 788 493 871 praefero
514 789 647 853 alteram
667 788 752 852 vocis
773 787 977 868 scripturam,
999 805 1082 868 quae
1104 789 1152 850 est
1172 785 1241 848 ἐπι-

84 895 293 978 κοκκάστρια,
322 899 359 961 ut
385 896 425 961 sit
453 913 509 974 ea,
537 915 619 978 quae
648 894 749 959 cuculi
779 913 886 959 vocem
916 893 1034 972 illudit,
1061 894 1080 956 i.
1101 912 1129 957 e.
1156 911 1240 975 quoe

83 1006 241 1070 imitatur:
269 1003 356 1086 quod
383 1022 457 1069 cum
486 1003 525 1067 de
554 1001 621 1085 ἠχώ
647 1021 725 1067 voce
754 1002 872 1083 optime
902 1001 963 1066 dici
984 1002 1083 1083 possit
1103 1020 1241 1084 cumque

84 1109 223 1189 κοκκύζει
252 1109 365 1176 saltem
392 1110 520 1175 firmum
551 1129 589 1174 ac
617 1112 737 1174 certum
766 1109 823 1188 sit,
849 1127 908 1190 ego
936 1127 1003 1172 non
1030 1107 1138 1174 dubito
1167 1107 1243 1173 illud

84 1238 204 1285 nomeu
225 1214 472 1298 ἐπικοκκάστρια
492 1235 632 1282 exarare.
654 1211 716 1280 άπ.
737 1214 801 1296 λεν.

169 1331 392 1410 σομποίστρια
420 1327 452 1392 Β
472 1327 550 1406 411,
584 1326 789 1406 femininum,
824 1326 912 1392 cuius
937 1326 1039 1391 forma
1065 1320 1242 1387 masculina

84 1435 316 1521 (σνμπαίστρς)
339 1434 426 1518 apud
447 1434 524 1499 alios
546 1435 633 1499 velut
654 1435 821 1501 Platonem
851 1435 981 1516 legitur,
1009 1435 1049 1498 de
1073 1436 1242 1514 συμπαίζει

85 1545 265 1609 derivatum
284 1545 376 1606 notat
397 1561 486 1620 eam,
508 1561 591 1623 quae
613 1560 685 1606 cum
707 1541 774 1606 aliis
795 1540 888 1606 ludit:
910 1541 996 1623 quod
1016 1560 1133 1605 nomeu
1155 1540 1243 1623 apud

85 1650 265 1716 Himerium'
285 1668 412 1733 quoque
432 1649 601 1714 inuenitur.

169 1754 407 1837 πανδοκεύτρια
419 1755 457 1820 Pl
470 1756 541 1834 luo,
564 1742 736 1820 deductum
755 1754 794 1820 de
808 1751 1000 1817 πανύοκεύω
1017 1755 1125 1833 verbu,
1146 1755 1243 1838 quod,

85 1866 123 1928 ut
143 1863 184 1926 de
205 1861 271 1926 aliis
292 1865 435 1940 taceam,
457 1860 639 1926 Herodotus
661 1861 693 1924 in
712 1880 806 1925 usum
826 1863 965 1940 vocavit,
989 1864 1036 1926 est
1057 1861 1244 1926 femininum

83 1971 129 2036 ad
150 1966 372 2052 πανδοκεοτής
393 1963 569 2049 (άπ.1εγ.);
590 1987 706 2051 nempe
727 1987 887 2050 caupones
901 1969 958 2033 viri
974 1968 1032 2034 illis
1047 1969 1242 2053 temporibus

84 2097 152 2142 non
171 2080 277 2155 eraut,
296 2076 351 2140 sed
371 2076 509 2141 feminae
531 2095 645 2158 copae3
667 2073 906 2156 πανδοκεύτρια
925 2096 986 2141 vox
1007 2077 1048 2141 ab
1062 2077 1117 2142 Ar.
1140 2077 1243 2160 primo

83 2187 119 2250 in
138 2205 233 2249 usum
253 2183 392 2248 deducta
412 2183 498 2265 apud
520 2183 710 2264 posteriores
731 2185 897 2266 scriptores
916 2183 1064 2266 frequens
1076 2186 1241 2249 invenitur.

170 2288 389 2373 συκοφάντρια
409 2289 446 2354 Pl
466 2291 528 2354 970
549 2292 580 2354 et
600 2286 736 2373 ναύτρια
755 2290 856 2355 boob
872 2290 1012 2368 nomina,
1033 2292 1058 2354 si
1074 2292 1115 2355 ad
1136 2291 1243 2356 vivum

84 2418 277 2475 resecamus,
299 2397 362 2462 huc
378 2398 544 2462 referenda
559 2417 625 2463 non
637 2401 722 2475 sunt,
735 2398 810 2480 quia
824 2416 862 2462 ea
877 2416 942 2462 non
957 2398 996 2462 de
1010 2398 1121 2477 verbis
1136 2400 1191 2463 sed
1205 2399 1244 2463 de

83 2505 284 2583 nominibuS,
313 2523 396 2586 oriae
419 2507 493 2567 sunt
513 2501 630 2586 ναύτης
650 2507 682 2568 et
705 2502 918 2588 συκοφάντης,
940 2525 1072 2570 manare
1095 2510 1243 2588 apparata

83 2617 211 2690 tarnem
242 2612 318 2695 quia
345 2613 387 2675 ad
415 2611 596 2692 analogiam
623 2611 816 2693 reliquorum
839 2613 1007 2677 nominum
1028 2612 1244 2678 deverbalium

84 2724 224 2788 formata
243 2722 327 2797 suut,
347 2739 388 2783 ne
408 2719 521 2783 similia
539 2722 771 2800 separarentur,
793 2719 856 2784 huc
878 2720 1037 2802 adscripsi.
1060 2717 1119 2784 άπ.
1141 2721 1202 2802 λιν.

168 2828 288 2893 Similia
302 2828 433 2892 nomina
447 2826 554 2891 femini
569 2828 692 2908 generis
706 2830 779 2890 sunt
794 2828 887 2892 haec:
908 2827 1110 2909 σονθεάιρια
1127 2829 1154 2893 fr
1173 2830 1244 2908 699,

83 2931 317 3016 σνγχορεύτρια
331 2935 358 2998 fr
371 2935 442 3012 699,
463 2930 524 2997 άπ.
539 2932 613 3014 λεν,
633 2937 806 3016 θερῐστρια
820 2935 847 2999 fr
861 2935 932 3013 618,
953 2931 1013 2998 dn.
1031 2935 1105 3016 try,
1128 2957 1245 3018 φρύγα-

84 3047 217 3126 νίστρια
238 3039 299 3105 άπ.
321 3040 394 3122 λεν,
416 3038 612 3123 πορνεύτρια
633 3042 661 3105 ir
684 3041 751 3119 179,
773 3037 834 3103 dn.
855 3040 918 3121 λιγ.

168 3151 203 3214 Π.
245 3150 354 3215 Altera
381 3149 651 3213 substantivorum
680 3147 896 3212 deverbalium
927 3149 1040 3226 classe,
1066 3169 1164 3232 quam
1186 3173 1245 3219 nos

83 3259 121 3322 in
135 3257 358 3322 distribuendis
371 3257 553 3321 nominibus
566 3254 805 3338 Aristophaneis
819 3255 1026 3334 distinximus
1046 3260 1247 3326 continentur

84 3365 219 3430 nomina
250 3365 426 3428 neutrius
457 3362 577 3445 generis
606 3365 639 3427 in
671 3385 738 3442 -μα
767 3364 929 3428 exeuntia:
963 3384 1045 3447 quae
1066 3367 1245 3433 terminatio

82 3471 243 3553 significat
264 3491 335 3536 eam
356 3491 441 3550 rem,
472 3489 555 3552 quae
586 3471 709 3535 actione
729 3471 816 3535 verbi
838 3470 948 3536 effecta
971 3455 1036 3536 esti
1060 3474 1138 3539 haec
1158 3476 1245 3540 notio

81 3581 133 3644 est
152 3578 318 3660 primaria;
341 3594 445 3660 neque
465 3597 537 3643 raro
559 3576 660 3655 litut
680 3577 812 3642 nomina
831 3578 865 3642 in
886 3599 951 3658 -μα
973 3579 1120 3646 cadentia
1139 3583 1243 3647 trans-

79 3685 185 3750 latam
216 3685 358 3751 habeant
389 3685 666 3766 significationem,
706 3703 771 3766 qua
815 3685 916 3750 virtus
943 3685 1050 3770 aliqua
1082 3687 1131 3752 vel
1163 3689 1244 3754 actio

80 3792 223 3869 notatur,
246 3790 331 3855 velut
353 3789 582 3870 κοβαλικεύμα,
603 3787 791 3870 στάμολμα.

165 3895 310 3979 ῥάκωμα,
331 3897 362 3961 A
382 3897 443 3961 432
464 3898 483 3960 i.
505 3917 531 3962 e.
552 3896 667 3974 tribou,
686 3897 800 3978 panni;
824 3897 911 3980 quod
931 3918 1049 3963 nomen
1071 3901 1242 3965 formatum

78 4005 130 4071 est
150 4003 190 4069 de
211 4003 307 4070 verbo
334 4003 458 4086 ῥακόω,
485 4004 586 4087 quod,
608 4006 645 4069 ut
665 4002 742 4069 alios
764 4006 1031 4086 praetermittam,
1060 4007 1147 4090 apud
1167 4007 1244 4091 Hip-
