2940 4492
774 192 816 256 la

302 371 472 453 Quumque
491 391 601 434 voees
622 371 797 434 formales
817 371 950 450 intellegi
965 369 1097 432 velimus
1110 370 1248 450 primum
1264 386 1379 431 omnes

219 478 466 560 praepositiones
501 481 533 541 et
563 477 714 541 adverbia
745 476 1015 558 praepositionum
1048 475 1158 538 similia
1189 475 1238 538 vel
1270 474 1312 536 ab
1344 473 1380 536 iis

220 585 379 660 derivata,
415 584 528 646 deinde
559 603 612 647 eas
644 583 830 665 particulas,
868 601 950 665 quae
983 582 1122 645 adverbii
1149 582 1311 645 notionem
1348 582 1380 643 et

221 694 371 753 naturam
400 689 535 766 habent,
571 688 616 769 (et
652 709 690 752 ea
719 708 802 771 quae
830 708 886 770 per
912 709 944 751 se
966 689 1033 751 sola
1053 692 1137 751 stare
1164 689 1313 769 possunt,
1342 689 1380 749 ut

221 787 273 872 εὖ,
302 791 401 872 ἄγαν,
431 794 518 877 πλήν
546 799 576 858 et
604 816 638 858 ea
674 815 757 877 quae
786 797 844 858 nisi
871 796 1039 858 coniuncta
1068 815 1141 857 cum
1169 795 1297 857 nomine
1322 795 1380 855 aut

220 905 318 966 verbo
334 904 407 984 poni
421 923 487 965 nou
502 907 645 984 possunt,
669 905 704 964 ut
723 902 790 983 ἠμί,
814 902 879 978 dog,
900 901 950 978 io,
972 927 994 962 o
1017 902 1206 983 prtvativum
1227 899 1378 981 aliaque),

219 1011 302 1073 hane
323 1011 570 1091 compositorum
592 1010 725 1072 classem
746 1009 864 1090 optime
885 1010 930 1072 ita
953 1009 1145 1084 dividemus,
1176 1012 1212 1070 ut
1239 1007 1381 1088 primum

219 1117 453 1181 consideremus
475 1136 513 1180 ea
535 1116 691 1180 vocabula
712 1117 900 1197 composita,
924 1135 1060 1198 quorum
1084 1136 1157 1197 pars
1180 1115 1265 1195 prior
1286 1132 1380 1195 prae-

219 1225 333 1306 positio
353 1227 416 1298 est,
446 1222 560 1285 deinde
589 1243 644 1298 ea,
672 1243 755 1304 quae
776 1223 929 1304 incipiunt
950 1242 970 1284 a
992 1242 1069 1284 voce
1091 1222 1215 1285 formali
1236 1220 1381 1284 adverbii

219 1351 346 1394 sensum
369 1330 510 1393 habenti.

301 1438 349 1500 Ac
377 1437 515 1518 primum
545 1438 674 1518 quidem
694 1436 921 1518 perlustremus
943 1456 981 1499 ea
1009 1437 1197 1518 composita,
1228 1455 1311 1518 quae
1340 1455 1381 1499 ex

218 1544 449 1626 praepositione
470 1548 502 1607 et
521 1544 676 1607 vocabulo
701 1545 882 1607 »notionem
905 1545 1095 1607 continenti«
1121 1547 1282 1607 constant:

483 1746 510 1810 Ι.
554 1747 743 1830 composita
765 1746 1113 1834 praepositionolia*)‚

218 1923 247 1966 a.
277 1923 433 1985 quorum
448 1905 635 1967 maximus
654 1924 834 1968 numerus
850 1906 888 1968 in
904 1906 1023 1968 altero
1040 1906 1206 1968 membro
1223 1904 1381 1968 verbum

715 2011 876 2074 exhibet.

300 2141 389 2218 Quae
419 2140 547 2222 quidem
574 2141 748 2222 composita
778 2142 810 2204 in
837 2142 897 2204 tria
918 2161 1034 2221 genera
1052 2143 1147 2205 dividi
1169 2161 1263 2222 posse
1285 2141 1380 2203 nobis

217 2248 373 2311 videntur.
423 2247 566 2311 Primum
596 2248 680 2310 enim
711 2268 811 2327 genus
839 2248 883 2310 ita
914 2249 1085 2312 formatum
1117 2253 1179 2324 est,
1216 2252 1252 2310 ut
1279 2247 1380 2311 verbo

220 2354 402 2436 simpliciter
441 2357 688 2435 anteponeretur
724 2355 912 2437 praepositio
950 2357 991 2418 ad
1029 2355 1268 2437 exprimendam
1307 2374 1381 2417 eam

218 2461 463 2538 distinctionem,
501 2480 583 2542 quae
610 2461 691 2524 inest
720 2463 752 2524 in
778 2463 1027 2544 praepositione,
1056 2466 1086 2525 et
1121 2461 1382 2542 coniungendam

218 2588 288 2630 curn
312 2569 439 2631 notione
460 2568 564 2642 verbi;
595 2571 692 2650 atque
712 2569 791 2632 haec
824 2571 952 2651 quidem
986 2571 1159 2650 composita
1190 2569 1277 2651 apud
1300 2569 1382 2632 alios

217 2692 345 2756 quoque
366 2676 531 2755 scriptores
552 2679 583 2738 ct
603 2680 712 2757 po'e'tas
732 2676 985 2758 frequentissima
999 2678 1146 2756 leguntur
1162 2696 1268 2758 neque
1285 2675 1382 2756 quid-

217 2800 316 2862 quam
331 2767 411 2842 novi
433 2780 546 2857 habeo,
570 2781 656 2862 quod
673 2781 712 2844 de
726 2781 842 2845 horum
857 2783 1103 2863 compositorum
1120 2786 1175 2844 aul
1190 2783 1381 2845 formatione

217 2891 273 2951 aut
291 2886 519 2968 significatione
539 2887 571 2949 in
591 2889 732 2950 medium
751 2889 974 2969 proferam**).

299 3005 445 3068 Alterum
485 3023 584 3084 genus
628 3007 875 3086 compositorum
918 3006 1245 3087 praepositionalium,
1290 3007 1381 3087 quod

219 3113 401 3175 distinctum
422 3112 549 3174 avobis
571 3130 698 3194 quoque
719 3112 828 3184 velim,
855 3113 886 3174 id
910 3115 971 3189 est,
996 3113 1028 3175 in
1051 3133 1114 3195 quo
1136 3112 1383 3194 praepositionis

216 3222 303 3283 notio
332 3239 404 3283 cum
435 3220 533 3282 verbo
562 3221 663 3300 magis
693 3221 780 3296 coiit,
811 3222 855 3283 ita
881 3224 916 3283 ut
942 3219 1018 3282 nihil
1038 3220 1096 3282 nisi
1119 3220 1212 3283 elatio
1234 3220 1326 3301 quasi
1349 3224 1383 3282 et

220 3327 424 3408 amplificatio
446 3326 594 3407 simplicis
615 3327 702 3390 verbi
723 3328 825 3390 inesse
844 3328 901 3389 toti
922 3328 1095 3408 composito
1109 3328 1267 3401 videatur3
1292 3325 1384 3390 velut

315 3569 339 3638 *)
357 3569 409 3622 Hie
436 3573 604 3638 capessunt
626 3571 793 3638 comparari,
819 3588 890 3639 quae
916 3572 950 3624 de
974 3589 1025 3624 usu
1049 3571 1283 3640 praepositionum
1311 3587 1377 3623 cum

215 3654 321 3709 casibus
339 3656 537 3709 collocatarum
556 3672 705 3723 earumque
721 3656 877 3724 frequentia
891 3656 921 3709 Τ.
940 3656 1133 3710 Mommsenius
1153 3655 1382 3725 (lintwickelung

215 3740 321 3810 einiger
327 3740 439 3794 Gesetze
449 3741 493 3793 fiir
502 3741 555 3795 den
561 3741 706 3795 Gehraueh
713 3744 762 3795 der
772 3743 960 3812 griechischen
968 3743 1182 3812 Prapositionen,
1194 3743 1379 3797 Frankf.a.M.

218 3826 284 3879 1874
300 3845 325 3894 p.
346 3828 388 3896 13)
408 3828 571 3882 observavit.

302 3929 342 3997 **)
361 3930 563 3984 Schoemannus
589 3932 618 3984 in
646 3933 729 3998 libro,
759 3935 807 4003 qui
835 3938 877 3989 est
906 3936 954 3989 »de
983 3932 1114 3987 orationis
1139 3932 1282 4003 partibus«
1306 3931 1380 3985 hanc

218 4016 331 4075 classem
351 4017 475 4087 depinxit
494 4036 519 4087 p.
542 4019 590 4071 138
610 4039 656 4091 pp.
