2940 4492
716 195 756 266 15

155 380 315 443 δπόνοιαν
345 381 443 463 ponit.
500 380 612 462 ltaque
640 380 785 461 quamvis
816 379 1039 446 inoonvsnlens
1067 380 1106 443 sit
1137 379 1188 444 hio
1217 383 1314 462 iocus,

154 491 263 552 tamen
284 488 488 570 scripturam,
510 505 593 569 quae
615 490 662 550 est
682 485 890 570 ἁρματολία,
913 486 1048 553 defendo
1070 489 1101 550 et
1121 486 1216 552 huius
1243 489 1311 570 ioci,

156 615 252 678 quem
275 614 340 661 non
362 593 597 676 intellegebant,
619 593 781 658 ieiunitate
796 593 909 658 ductos
929 593 998 656 illos
1012 595 1234 674 grammaticos
1248 598 1312 663 iam

154 703 330 784 antiquitus
352 705 493 765 mutasse
512 701 663 767 traditam
685 701 874 783 scripturam
896 703 984 782 puto.
1007 699 1067 763 δπ.
1089 700 1151 780 toy.

237 807 372 891 φιληδία
401 808 438 875 Pl
459 809 518 872 307
540 804 601 870 δῖπ.
623 806 670 887 A,
705 809 745 872 de
776 807 917 891 pslmista
938 809 1129 887 derivatum,
1160 811 1316 891 significat

154 916 326 997 voluptatis
348 935 507 990 amorsm;
537 915 598 980 hoo
619 935 737 980 nomen
758 934 824 981 non
844 916 973 998 propria
994 916 1235 1000 compositione,
1258 921 1315 984 sed

154 1022 329 1091 mutando
363 1025 469 1093 ortum
508 1041 591 1099 osse,
624 1023 804 1088 testimonio
838 1025 913 1087 sunt
949 1021 1083 1106 φιληδής
1116 1026 1149 1087 et
1176 1024 1318 1109 φιληδέω

154 1129 322 1206 vocabula,
346 1149 430 1212 quae
453 1133 528 1193 ante
549 1128 682 1212 φιληδία
702 1149 821 1195 nomen
838 1131 871 1193 in
890 1149 949 1194 usu
968 1129 1062 1194 hrisse
1083 1134 1217 1196 constat.

237 1236 294 1301 His
308 1237 489 1302 nominibus
503 1236 642 1317 adiungo
657 1255 758 1300 unum
780 1236 818 1300 in
841 1258 877 1318 -η
899 1235 1050 1314 cadens,
1072 1236 1159 1318 quod
1180 1238 1312 1304 similem

155 1343 252 1409 habet
274 1345 437 1408 notionem
461 1346 558 1426 atque
579 1363 626 1421 ea,
647 1363 730 1426 quae
750 1343 782 1407 in
802 1347 852 1405 -ία
872 1346 1005 1407 exeunt:

237 1443 403 1534 καναχιβιη
423 1451 528 1515 Volo
550 1451 595 1520 llo,
616 1451 686 1529 631,
708 1451 889 1530 ludibrium,
898 1451 1113 1533 'contemptio

237 1558 298 1621 Vll.
341 1558 506 1625 Postremo
527 1559 597 1622 loro
618 1558 703 1623 addo
722 1558 844 1641 reliqua
856 1559 1053 1625 substantiva
1068 1558 1312 1640 Aristophanes,

154 1683 239 1746 quae
260 1665 299 1728 de
321 1663 425 1728 verbis
446 1665 637 1733 descendere
657 1668 805 1747 apparet:

237 1772 417 1852 ἐπίμαρννς
429 1772 454 1835 L
470 1770 561 1848 1286;
582 1769 744 1856 ἀρύταινα
757 1772 783 1836 Ε
796 1772 885 1850 1091,
897 1772 940 1835 ab
953 1769 1045 1856 opilo
1055 1771 1155 1836 verbo
1168 1791 1313 1850 manans,

152 1879 415 1960 significationem
437 1899 547 1962 parem
568 1879 666 1944 hahet
686 1882 783 1962 atque
805 1878 942 1962 α’ραιήρε
963 1899 1019 1944 ves
1039 1881 1081 1944 ad
1102 1878 1313 1944 hauriendum

153 1988 276 2066 aptum.
318 1983 387 2049 Hoc
408 2005 527 2049 nomen
548 1985 787 2068 Theophrastus
810 2004 937 2068 quoque
957 1986 1129 2068 usurpavit.

236 2091 373 2170 οἷμννίας
395 2092 421 2156 E
434 2093 504 2170 570,
521 2093 695 2157 deductum
709 2093 749 2157 de
763 2093 862 2157 verbo
876 2089 1021 2173 α’μύνειν,
1043 2093 1141 2157 habet
1151 2094 1312 2158 notionem

154 2199 357 2264 adiectivam:
382 2199 478 2277 fortio,
500 2203 654 2276 armatum
677 2196 738 2263 ἅπ.
759 2198 821 2280 λον.

236 2305 391 2379 οἷπόκινος
405 2306 485 2370 duas
499 2306 626 2370 exhibet
639 2306 798 2370 notiones:
820 2306 957 2388 priorem
971 2305 1146 2369 saltationis
1170 2305 1209 2387 (fr
1291 2308 1313 2389 ),

154 2432 238 2496 quae
259 2414 399 2479 iamdiu
421 2414 454 2477 in
475 2413 582 2495 lingua
603 2414 698 2481 tuisse
718 2413 859 2489 videtum
882 2412 1015 2476 alteram
1037 2413 1191 2491 abeundi,
1215 2434 1313 2496 quam

152 2520 315 2604 Aristoph.
339 2520 424 2584 solus
445 2521 541 2584 semel
568 2522 596 2585 ei
623 2521 773 2603 imposuit
794 2519 819 2584 Ε
840 2521 897 2598 90,
924 2518 979 2582 ubi
1009 2518 1093 2585 idem
1120 2519 1316 2600 significetur

153 2645 193 2690 ac
216 2626 254 2688 νδ
275 2626 455 2691 α’παιιινεῖν.

236 2732 419 2816 α’πόιροχος
439 2736 475 2800 lr.
497 2735 568 2812 541,
589 2736 631 2799 ab
652 2735 865 2817 Aristophane
887 2736 1076 2816 usurpatum
1097 2752 1163 2798 eme
1184 2733 1314 2798 notione

155 2841 293 2906 »circus«
317 2845 452 2908 testatur
471 2842 646 2907 Scholiasta
666 2843 707 2907 ad
730 2842 802 2906 Eur.
825 2841 907 2906 Med.
930 2841 981 2905 lo.
1003 2837 1076 2922 (iim
1099 2841 1179 2921 λεν.)

237 2953 362 3029 σαίνων,
384 2951 412 3014 tr
425 2951 476 3027 to,
499 2950 539 3013 de
554 2951 650 3026 σνίζω
663 2949 844 3027 deductum,
859 2948 1015 3031 significat
1028 2968 1155 3012 servum
1170 2948 1312 3032 ἐστιγμέ-

151 3076 227 3134 νον,
259 3059 337 3120 nota
370 3060 533 3121 notatum:
562 3057 594 3120 in
624 3057 731 3138 lingua
759 3057 855 3121 attica
884 3057 1037 3121 antesin
1066 3075 1125 3120 usu
1155 3058 1223 3121 erat
1250 3075 1312 3121 vox

153 3167 357 3242 στιγματίας,
381 3183 479 3246 quam
499 3167 531 3228 et
550 3164 652 3246 ipsam
671 3167 855 3246 usurpatam
877 3183 945 3227 esse
967 3162 1110 3227 videmus
1130 3162 1156 3225 L
1176 3163 1245 3226 331.

236 3269 347 3332 πίδιιν
366 3271 394 3334 tr
416 3271 466 3347 lo,
487 3290 507 3335 a
530 3269 646 3332 πεδαω
667 3270 763 3335 verbo
784 3271 970 3348 oriundum,
992 3290 1049 3353 pro
1072 3266 1213 3353 πεδήτης
1235 3289 1312 3335 voce

150 3396 213 3441 usu
235 3381 361 3460 recepta
381 3379 414 3441 in
436 3378 545 3460 Babyl.
566 3378 630 3442 lah.
651 3378 822 3459 legebatur.

236 3482 422 3567 σκωπτόλης
444 3486 471 3548 V
494 3486 570 3564 788,
592 3485 747 3566 signifieat
767 3505 851 3563 eum,
874 3485 929 3567 qui
949 3484 1064 3553 illudit:
1086 3483 1172 3566 quod
1193 3503 1310 3548 nomen

151 3591 241 3671 apud
263 3593 449 3673 posteriores
472 3612 599 3676 quoque
621 3593 790 3657 nonnullos
812 3592 978 3656 invenitur.

236 3696 337 3778 βιίδις
359 3699 410 3762 Ar
430 3699 472 3763 lh
492 3697 555 3763 ἅπ.
577 3699 620 3778 t,
641 3700 814 3782 ingressus
842 3699 923 3763 actio
944 3698 1058 3766 eundi:
1088 3699 1172 3781 quod
1194 3718 1310 3764 nomen

150 3823 226 3868 cum
246 3806 332 3888 apud
349 3807 450 3871 solum
465 3802 713 3888 Aristophanem
728 3807 849 3888 legatur
868 3803 986 3886 (βάδον
1001 3803 1168 3886 βαδίζειν),
1189 3805 1314 3869 difficile

151 3914 201 3976 est
222 3911 412 3990 diiudicatu,
442 3918 550 3978 utrum
578 3913 639 3978 hoo
659 3933 679 3977 a
698 3912 821 3994 βαδίζω
840 3916 950 3976 manet
968 3931 1085 3978 neone:
1112 3912 1257 3994 equidem
1278 3913 1311 3976 ln

151 4037 224 4083 eam
260 4019 376 4084 inclino
410 4021 615 4099 sententiam,
650 4023 686 4084 ut
720 4023 828 4102 putem
856 4019 1101 4102 Aristophanem
1130 4020 1235 4102 ipsum
1269 4019 1311 4087 ad
