2940 4492
247 1055 578 1174 Argumentum
607 1055 747 1154 huius
778 1057 1182 1154 commentationis,

644 1251 787 1258 m

644 1261 790 1268 m..—

136 1409 285 1464 Exordium
301 1410 384 1462 totius
403 1409 635 1462 commentationis

134 1501 217 1556 Liber
234 1502 310 1569 prior
330 1502 375 1568 qui
395 1507 437 1555 est
456 1501 667 1555 deformatione
687 1502 891 1569 Aristophaneo
966 1542 972 1554 .
1042 1543 1047 1555 .
1118 1543 1123 1553 .

204 1595 351 1649 Exordium
370 1595 432 1647 libri
451 1595 550 1662 prioris
573 1633 1123 1650 ........

204 1689 240 1740 Λ.
276 1687 450 1741 Substantiva
504 1727 1125 1742 .........
1214 1687 1299 1738 9-25

240 1781 273 1833 A.
310 1781 483 1835 substantiva
503 1779 669 1846 deverbalia,
732 1823 737 1835 .
809 1823 815 1836 .
886 1822 892 1834 .
965 1821 971 1833 .
1040 1823 1045 1834 .
1118 1818 1124 1831 .
1212 1782 1300 1832 9-16

320 1873 341 1925 1.
377 1889 446 1940 quae
466 1875 493 1927 in
512 1875 572 1940 -τής
592 1883 620 1927 et
638 1895 710 1944 -τρια
728 1881 829 1929 exeunt
892 1916 897 1927 .
967 1913 973 1925 .
1043 1913 1049 1926 .
1121 1913 1127 1925 .
1215 1874 1298 1924 9-11

306 1966 339 2017 ΙΙ.
376 1981 446 2033 quae
465 1968 491 2018 in
511 1989 562 2026 -μα
582 1974 694 2035 exeunt,
714 1968 811 2034 quibus
828 1973 935 2022 notatur
953 1972 1000 2020 aut
1018 1982 1062 2020 res
1081 1972 1128 2019 out

378 2060 462 2126 actio,
482 2067 529 2114 aut
545 2061 629 2114 virtus
656 2097 1129 2114 .......
1202 2059 1303 2110 11-12

296 2151 343 2205 ΠΙ.
381 2168 451 2219 quae
468 2154 496 2206 in
514 2175 596 2219 -τρον,
617 2158 705 2223 -θρον,
725 2157 801 2219 -θρα,
821 2155 904 2220 -ήριον
923 2158 1023 2205 exeunt
1046 2191 1051 2202 .
1124 2189 1129 2201 .
1202 2149 1302 2202 12-13

295 2247 343 2300 IV.
381 2261 450 2313 quae
469 2249 496 2300 in
515 2254 573 2307 ·μός
591 2254 691 2301 exeunt
732 2289 738 2300 .
810 2288 816 2300 .
871 2286 894 2299 ,‚
966 2284 972 2296 .
1044 2285 1050 2298 .
1120 2284 1127 2296 .
1200 2245 1302 2296 13-14

313 2340 345 2393 V.
382 2342 498 2407 quaein
517 2361 569 2398 -οις
586 2349 684 2393 exeunt
734 2375 1128 2392 ......
1271 2338 1302 2388 14

297 2433 344 2487 VI.
382 2449 451 2500 quae
471 2434 498 2486 in
516 2441 556 2483 -ta
575 2440 603 2485 et
621 2454 652 2499 -η
671 2437 769 2485 exeunt
813 2469 1129 2485 .....
1201 2430 1302 2481 14—15

284 2526 346 2580 Vll.
382 2526 498 2593 Reliqua
516 2527 635 2587 nomina;
656 2524 731 2577 varia
1201 2522 1302 2573 15-16

238 2619 267 2671 B.
304 2619 479 2672 Substantiva
498 2617 697 2670 denominativa
741 2653 1131 2669 ......
1203 2615 1303 2667 16-25

285 2727 308 2779 a,
328 2711 518 2764 masculinam
536 2711 798 2777 -c'aqc‚-ldr1;·,-s'cru‚
819 2711 863 2764 -αξ
882 2709 1009 2762 exeuntia
1045 2747 1051 2760 .
1123 2749 1128 2759 .
1202 2707 1302 2758 16—17

285 2805 310 2870 b,
329 2803 456 2857 teminina
475 2813 520 2856 sut
538 2817 682 2870 personam
699 2808 746 2856 aut
765 2802 897 2856 actionem
913 2800 1035 2856 notantia
1124 2838 1129 2850 .
1202 2800 1302 2851 18-19

287 2913 308 2965 c,
329 2902 425 2949 neutra
1273 2893 1304 2943 19
1357 2959 1360 2966 1

168 2978 177 2986 ’
287 2989 312 3052 d,
331 2988 499 3042 substantiva
529 2987 695 3041 deminutivo
725 2988 853 3042 exeuntia
883 2989 910 3040 in
941 2994 1010 3047 -ισν,
1044 3016 1056 3024 -
1086 3008 1094 3034 ι

333 3083 433 3149 -άριον,
454 3100 537 3140 onoc,
554 3103 608 3142 -ar;
627 3082 733 3147 reliqua
752 3088 779 3133 et
798 3079 944 3146 dupliciter
965 3077 1129 3132 deminutiva
1200 3077 1301 3129 19-23

238 3175 266 3228 O.
303 3175 419 3240 Reliqua
427 3173 607 3228 substantiva:
620 3173 721 3227 formae
731 3172 914 3237 secundariae,
930 3171 1037 3225 nomina
1048 3170 1130 3224 dubia
1248 3239 1249 3245 ἵ

305 3275 332 3320 et
350 3268 442 3320 iocose
461 3265 528 3320 ficta
585 3302 1130 3320 ........
1202 3261 1306 3314 23-25

209 3362 239 3414 B.
279 3359 423 3413 Adiectiva

240 3455 272 3507 A.
310 3451 452 3506 Adiectiva
470 3451 626 3506 deverbalia
661 3485 1132 3504 .......
1202 3444 1304 3499 25-26

243 3547 273 3599 Β.
310 3543 452 3599 Adiectiva
471 3545 670 3599 denominativa

240 3638 382 3693 Accedunt
401 3637 559 3705 superlativi
578 3636 700 3691 nonnulli
718 3635 912 3703 Aristophanei
968 3675 974 3687 .
1046 3673 1052 3686 .
1125 3673 1131 3684 .
1269 3631 1301 3682 27

210 3737 243 3787 Γ.
279 3731 443 3786 Pronomina

211 3827 243 3878 Δ.
280 3825 417 3879 Aduerbio
436 3830 464 3878 et
481 3823 634 3891 particulae
664 3859 1132 3877 .......
1204 3814 1307 3868 27—30

211 3921 242 3973 Ε.
281 3919 373 3973 Verba
427 3953 1130 3970 ..........
1202 3912 1304 3964 to-lo

247 4014 280 4066 A.
316 4011 408 4066 Verba
425 4011 582 4066 deverbalia
