2940 4492
726 208 767 274 48

169 388 335 468 generibus
348 387 482 452 verbum
496 388 637 470 simplex,
660 389 710 451 cui
726 387 894 451 adderetur
908 389 1099 470 praeposite,
1121 390 1177 451 aut
1191 386 1328 451 extiterit

170 498 226 558 aut
240 494 376 558 extitisse
390 495 594 576 cogitandum
610 496 665 558 sit:
686 495 798 558 huius
819 495 924 558 tertii
945 496 1094 575 generis
1115 494 1329 575 composita
1388 526 1392 535 ·

172 602 519 685 praepositionalia
540 602 687 666 directa
712 602 790 680 via,
818 605 860 665 ut
880 603 971 665 mihi
993 602 1143 684 quidem
1163 601 1329 678 videtur,

169 710 213 774 de
249 708 481 786 nominibuS,
517 727 600 772 cum
638 728 801 791 quorum
836 710 991 773 notione
1026 707 1330 774 connectebatur

169 815 415 897 praepositio,
431 815 683 879 descendunt:
697 816 785 880 euius
797 817 841 879 rei
853 817 914 881 hoe
926 837 1088 880 summum
1101 818 1329 897 argumentum

169 921 311 1004 profero,
340 922 426 1003 quod
457 921 613 986 verbum
641 923 814 1004 simplex,
846 943 919 987 oum
941 944 1005 1005 quo
1034 924 1238 987 coniunctam
1259 941 1329 985 esse

168 1029 432 1112 praepositionem
454 1029 586 1093 fortasse
608 1029 791 1110 cogitaverit
812 1030 979 1113 quispiam,
991 1031 1071 1093 -in
1086 1029 1329 1111 Aristophaneis

168 1136 280 1199 saltem
302 1135 451 1217 exemplis
474 1171 505 1180 -
532 1136 564 1199 in
585 1135 693 1217 lingua
713 1156 909 1219 nunquam
941 1137 1017 1200 sere
1049 1139 1173 1200 exstat
1203 1155 1329 1218 neque

169 1242 341 1307 extitisse
364 1242 492 1324 putari
515 1246 650 1324 potest.

251 1349 307 1412 His
327 1349 360 1412 in
381 1350 565 1413 universum
578 1350 667 1413 dietis
681 1349 852 1413 transimus
866 1350 908 1413 ad
922 1349 1066 1431 exempla
1079 1348 1329 1431 Aristophanea,

170 1475 320 1537 quorum,
352 1459 388 1518 ut
416 1456 480 1520 iam
509 1455 541 1518 in
572 1456 700 1519 exordio
729 1456 823 1519 huius
852 1456 1076 1520 dissertationis
1107 1456 1259 1534 diximus,
1290 1475 1331 1520 ea

168 1565 295 1626 tantum
316 1562 380 1626 huc
410 1562 584 1643 pertinent,
615 1581 698 1644 quae
721 1562 775 1625 Ar.
798 1567 853 1626 aut
872 1562 937 1644 ipse
958 1563 1105 1627 formavit
1127 1566 1183 1626 aut
1206 1563 1330 1645 primus

167 1670 291 1733 solusve
304 1668 336 1733 in
353 1688 445 1732 usum
458 1669 591 1734 vocavit.
622 1669 687 1733 Neo
701 1689 868 1750 possumus
882 1689 948 1733 non
961 1670 1038 1733 illud
1052 1672 1127 1733 aute
1141 1669 1329 1752 significare,

168 1776 270 1839 multa
298 1776 442 1857 exempla
471 1777 639 1839 verborum
667 1776 979 1858 praepositionaiium
1008 1777 1105 1840 dubia
1135 1796 1203 1840 esse
1232 1776 1330 1857 signi-

170 1882 331 1960 ficatione,
361 1883 404 1946 ita
432 1887 468 1946 ut
487 1903 582 1967 saepe
602 1884 698 1947 statui
719 1903 784 1947 non
804 1883 915 1965 possit,
947 1884 1073 1948 cuinam
1094 1883 1210 1948 harum
1230 1885 1331 1948 trium

169 1989 317 2053 classium
338 1989 461 2070 singula
483 1990 629 2072 exempla
650 1991 821 2054 rectissime
842 1990 1065 2054 attribuantur.

249 2094 346 2159 Primi
369 2099 477 2160 autern
507 2097 630 2176 generis
659 2097 803 2178 exempla
833 2117 905 2161 oum
931 2097 1008 2160 nihil
1038 2098 1112 2163 novi
1141 2098 1331 2180 praebeant,

170 2201 227 2265 sed
248 2222 377 2285 prorsus
399 2203 573 2267 secundum
595 2203 679 2283 leges
701 2203 880 2267 notissimas
895 2203 1031 2268 formata
1044 2207 1116 2282 sint,
1136 2204 1331 2270 nominatim

167 2310 275 2373 omnia
314 2309 428 2372 afferre
468 2310 673 2391 supersedeo:
716 2310 792 2374 satis
826 2310 929 2374 habeo
964 2312 1121 2375 addidisse
1155 2331 1331 2376 numerum

167 2415 452 2498 praepositionum,
489 2435 571 2498 quae
606 2434 679 2480 eum
712 2417 816 2480 verbis
850 2417 903 2482 illa
941 2438 1006 2500 qua
1037 2419 1173 2482 diximus
1203 2420 1330 2484 ratione

167 2522 360 2603 compositae
381 2526 464 2586 sunt.

248 2629 386 2692 Alterius
420 2649 550 2712 quoque
584 2630 720 2710 generiS,
753 2667 790 2675 -
820 2631 853 2694 in
882 2651 946 2713 quo
982 2632 1230 2714 praepositiones
1261 2632 1329 2697 vim

166 2735 439 2816 amplificativam,
480 2756 579 2818 quam
615 2738 810 2814 vocavimus
848 2739 982 2816 habent,
1020 2774 1058 2783 -—
1097 2739 1242 2821 exempla
1272 2759 1329 2804 ae-

166 2843 374 2919 curatissime,
402 2847 560 2924 quantum
582 2845 711 2925 quidem
733 2848 928 2925 poteramus,
951 2846 1190 2909 numeravimus
1211 2848 1243 2910 et
1264 2846 1327 2910 sub

165 2949 254 3012 brevi
273 2952 404 3031 aspectu
425 2951 673 3030 composuimus:

375 3071 465 3140 prima
482 3070 581 3125 classis.
656 3072 745 3126 altera
760 3071 792 3126 ol.
891 3071 975 3126 tertia
992 3072 1026 3126 ol.
1131 3090 1246 3126 summu.

291 3164 362 3230 a'mt
464 3167 502 3231 15
717 3170 736 3232 5
952 3170 969 3232 7
1164 3168 1204 3230 a?

291 3273 358 3336 vird
951 3276 969 3339 3
1167 3274 1205 3338 16

291 3380 370 3445 α’ντί
929 3417 967 3426 --
1182 3381 1201 3444 6

286 3485 378 3569 α’μφί
950 3490 964 3551 1
1182 3487 1201 3550 2

334 3590 342 3612 ¹
948 3595 967 3658 s
1161 3577 1217 3656 er

950 3702 964 3763 1

948 3806 969 3868 4

1180 3703 1199 3764 6

931 3807 943 3869 1
1161 3807 1201 3871 25

949 3913 969 3976 9
1162 3912 1202 3979 28

928 4054 966 4066 -ψ
1164 4020 1203 4084 m

482 3277 501 3338 8

479 3384 499 3446 6

480 3489 495 3551 1

479 3594 498 3658 3

479 3703 499 3766 5

481 3810 501 3871 9

484 3915 498 3977 1

484 4020 501 4084 7
