2940 4492
711 199 749 262 13

233 373 421 459 ottrrdp‘dpo
440 376 472 441 R
493 376 570 453 904,
593 371 626 436 οἳ.
648 375 686 453 λ,
708 375 814 453 locus,
838 395 901 458 quo
924 375 1075 453 volvitur,
1096 376 1309 442 volutabrum.

233 488 429 566 χείμασνρον
465 484 494 547 fr
521 484 598 561 708,
633 481 746 547 Pollux
781 503 848 548 esse
882 483 950 547 vult
987 486 1107 548 vestem
1140 483 1308 548 hiemalem

153 588 343 672 (χειμερινόν
375 588 532 671 tavistoch
566 590 652 672 quod
685 610 764 654 num
797 594 921 654 rectum
951 591 1008 669 sit,
1040 591 1213 673 disceptare
1245 610 1310 654 non

151 717 330 780 possumus
354 698 441 780 quod
463 716 621 780 nusquam
636 697 750 778 legitur
764 697 843 762 haec
861 718 924 762 vox
938 701 1063 780 praeter
1084 697 1170 762 hunc
1190 697 1309 773 locum;

151 805 208 869 sed
236 824 309 868 cum
339 805 378 868 de
406 808 580 885 θέρισνρον
605 804 717 868 similia
739 805 906 870 tradantur
929 824 949 869 a
971 809 1115 870 veterum
1136 803 1309 868 lexicorum

151 911 344 990 auctoribus,
367 930 445 976 ansa
466 910 633 975 dubitandi
650 911 703 975 vix
725 912 790 975 erit.

237 1017 438 1097 ἐπίκλιντρον
460 1017 487 1080 fr
510 1017 578 1095 145,
600 1021 691 1081 notat
710 1018 954 1095 fundamentum
975 1016 1062 1094 lecti,
1084 1016 1311 1081 adminiculum

152 1124 257 1189 sellae.

236 1228 437 1312 xopprc'rpcov
457 1230 485 1295 fr
508 1231 585 1310 309,
608 1227 668 1293 o‘c'rr.
690 1230 728 1312 λ,
748 1231 787 1296 de
808 1228 941 1312 κομμόιο
963 1228 1109 1312 (ornare)
1129 1231 1311 1309 deductum,

157 1342 203 1402 est
223 1338 469 1410 instrumentum
490 1357 509 1402 a
532 1337 715 1402 mulieribus
736 1338 779 1402 ad
801 1338 983 1403 ornandum
1006 1336 1193 1402 adhibitum.

238 1443 320 1508 Cum
333 1444 382 1508 his
396 1444 577 1508 nominibus
592 1445 750 1525 coniungo
766 1444 831 1508 duo
842 1444 954 1509 similia
974 1445 1006 1508 in
1028 1441 1134 1527 -ήριον
1156 1445 1311 1523 cadentia,

154 1551 271 1633 quibus
293 1554 324 1614 et
345 1552 418 1633 ipsis
439 1552 633 1633 significatur
652 1552 747 1633 locus,
772 1572 835 1635 quo
861 1552 980 1633 aliquid
1001 1551 1054 1614 fit:

240 1656 484 1740 φροντιστήριον
509 1657 616 1736 nal,
647 1677 843 1741 quamquam
869 1676 933 1722 non
962 1677 981 1720 a
1009 1657 1075 1721 solo
1103 1657 1313 1740 Aristophane

154 1768 355 1848 usurpatum,
379 1768 488 1828 tamen
509 1764 551 1829 ab
572 1784 610 1827 eo
625 1764 656 1827 in
671 1783 767 1828 usum
782 1765 954 1853 deductum
969 1768 1032 1839 est;
1055 1764 1106 1828 hic
1120 1765 1314 1845 significatur

152 1873 253 1950 locus,
276 1891 340 1954 quo
362 1872 525 1952 cogitatur,
546 1872 634 1954 apud
655 1872 843 1953 posteriores
866 1872 1030 1936 notionem
1052 1871 1149 1935 habet
1170 1872 1309 1950 scholae,

155 1980 273 2056 curiae,
292 1978 448 2042 auditorii.

239 2083 452 2167 κληρωτήριον
464 2085 508 2148 Ec
522 2085 592 2163 688,
613 2085 640 2148 fr
665 2084 732 2163 194,
756 2085 852 2163 locus
870 2104 939 2168 -quo
954 2088 1055 2149 sortes
1070 2085 1312 2163 coniciebantur,

157 2197 227 2256 aut:
250 2212 316 2270 vaS,
338 2193 370 2255 in
386 2192 471 2274 quod
485 2192 723 2257 coniciebantur
736 2196 844 2256 sortes.
880 2191 983 2255 Schol.
1000 2192 1054 2275 qui
1075 2191 1134 2262 τοὶς
1155 2190 1316 2272 κληρωτάς

125 2310 129 2317 ·
158 2296 261 2380 α’ρχοὶς
280 2299 431 2381 explicat,
453 2303 545 2363 errat.

240 2407 383 2490 Denique
415 2407 478 2472 huc
506 2406 708 2470 referendum
739 2426 807 2471 esse
834 2406 958 2470 videtur
987 2405 1018 2468 id
1048 2405 1135 2487 quod
1169 2404 1196 2469 tr
1225 2405 1264 2469 88
1285 2406 1317 2468 in

156 2514 254 2578 Beklr.
277 2514 387 2578 anecd.
410 2514 481 2591 411,
505 2514 542 2577 17
567 2517 790 2577 conservatur:

240 2620 515 2704 οἷννλιοιντληνῆρα
536 2619 585 2700 (cd
605 2618 688 2682 αὐτο
708 2621 803 2680 τοῦτο
825 2617 956 2680 α’ννλίον
977 2615 1190 2699 κεκλήκασιν).
1226 2618 1315 2682 Haec

156 2747 222 2792 vox
242 2747 321 2791 num
342 2730 427 2791 recte
448 2727 565 2807 scripta
586 2726 747 2803 tradatur,
775 2724 951 2788 admodum
972 2724 1102 2803 dubitn,
1130 2744 1219 2802 cum,
1241 2725 1317 2806 quid

157 2835 202 2898 sit
229 2834 329 2898 altera
358 2853 432 2917 pars
462 2832 617 2915 -νληνῆρο
643 2832 695 2895 vix
724 2831 824 2912 possit
846 2831 1019 2896 enucleari:
1048 2832 1163 2894 rectius
1185 2831 1318 2895 fortasse

157 2942 304 3006 scribitur
319 2930 501 3023 οἷννληνῆρα
519 2938 668 3021 (accusat.
689 2938 825 3003 nominis
847 2936 1020 3022 οἷννληνήρ)
1042 2938 1090 3002 vel
1112 2935 1319 3021 οἷννληνήρια,

159 3049 248 3132 quod
270 3051 443 3131 utrumque
464 3069 583 3112 nornen
605 3051 688 3112 certe
717 3047 802 3111 idem
831 3065 869 3110 ac
897 3045 1031 3108 οἷννλίον
1058 3048 1199 3110 notaret:
1229 3065 1318 3109 error

159 3159 271 3220 autern
291 3175 347 3238 per
368 3155 615 3237 dittographiam
637 3155 776 3237 syllabae
790 3152 840 3216 νλι
853 3153 904 3216 vel
917 3152 974 3235 τλη
990 3153 1078 3216 facile
1092 3153 1164 3216 oriri
1178 3155 1316 3234 poterat:

157 3262 354 3343 significatur
376 3261 434 3325 illis
455 3261 635 3325 nominibus
657 3281 725 3339 vas,
747 3279 811 3342 quo
833 3259 987 3324 hauritur.

243 3369 291 3431 IV.
334 3369 562 3451 Frequentiora
593 3370 765 3431 occurrunt
794 3367 880 3449 apud
908 3365 1156 3446 Aristophanem
1185 3367 1316 3431 nomina

156 3476 193 3539 in
214 3474 286 3556 -μός
299 3477 477 3553 terminata,
500 3475 622 3556 generis
635 3475 811 3553 masculini,
831 3476 979 3556 oxytona,
1002 3472 1116 3556 quibus
1130 3475 1317 3556 exprimitur

156 3583 186 3646 is
210 3586 299 3646 actus
316 3582 366 3646 vel
388 3584 498 3659 status,
524 3581 578 3664 qui
596 3582 694 3645 verbo
715 3581 880 3644 transitivo
902 3580 1089 3643 continetur.

243 3686 456 3772 σονφελνγμός
476 3688 501 3751 Ε
520 3689 592 3767 537,
613 3687 695 3770 (cod.
718 3689 907 3752 Rauennate
927 3687 1088 3764 traditum,
1111 3706 1184 3749 cum
1205 3687 1317 3769 reliqui

157 3794 380 3878 στυφελισμός
409 3795 617 3878 praebeant,)
647 3796 686 3859 de
707 3794 883 3876 σννφελίζω
904 3793 1002 3857 verbo
1021 3793 1145 3874 saepius
1165 3797 1319 3875 usurpato

157 3907 286 3981 manat,
321 3906 357 3967 ut
384 3904 471 3967 notio
500 3903 573 3966 insit
598 3903 705 3966 similis
737 3921 775 3965 ao
803 3902 872 3964 voci
900 3899 1044 3982 λοιδορία
1074 3900 1092 3962 i.
1114 3919 1140 3962 e.
1171 3901 1317 3963 tractatio

157 4011 328 4093 superbiae
355 4011 457 4093 plena
486 4006 547 4073 ἅντ.
576 4010 639 4090 λεν.
696 4005 898 4092 ποθηκισμός
925 4007 959 4071 Ε.
981 4007 1041 4070 887
1070 4005 1141 4088 (cfr.
1162 4005 1190 4068 V
1213 4005 1322 4097 1890),-
