2940 4492
685 176 726 246 39·

199 358 319 441 μαδάω
339 359 375 424 Pl
398 361 458 425 166
478 365 590 426 manat
619 381 658 426 ex
683 359 788 442 μαδός
808 362 978 440 annotivo,
1006 363 1093 444 quod
1120 365 1166 428 est
1195 361 1278 427 idern

117 487 156 532 ac
177 465 333 548 μαδαρός,
354 469 511 547 madidus
534 469 658 533 fluidus.

200 573 362 656 κιναβροέω
384 575 506 652 Ρ1194,
529 576 659 638 odorem
680 575 836 638 hircinum
857 594 986 657 praese
1008 575 1101 650 terre;
1130 575 1278 640 substan-

117 681 218 746 tivum
238 679 377 761 κινοὶβρα
398 701 463 745 non
485 685 581 760 extat,
603 681 658 747 sed
678 684 785 745 mente
807 680 1008 762 cogitandum
1027 685 1083 745 est.

201 787 384 870 φληναφάω
405 788 523 852 Ν1175
536 789 562 853 fr
573 789 643 866 701,
663 788 796 870 garrire;
819 788 905 870 quod
914 788 1049 853 verbum
1061 788 1102 852 de
1112 787 1280 873 φλήναᾳος

117 893 247 976 (nugae)
268 895 461 959 descendens
482 898 554 977 post
575 895 629 959 Ar.
648 896 795 977 frequens
816 898 995 977 usurpatur.

198 999 416 1083 μιστυλιέυμαι
437 1001 497 1082 (vel
519 999 750 1083 pertractabat)
769 1001 870 1079 Eam,
891 1001 931 1064 de
952 1000 1088 1083 μιστύλη
1107 1002 1278 1067 deductum

117 1109 232 1190 signifi:
263 1129 301 1172 ex
333 1111 445 1173 cavato
474 1109 566 1189 panis
595 1110 704 1172 frusto
726 1110 773 1173 ius
801 1109 895 1172 edere
916 1107 1002 1188 (τοῖς
1029 1110 1143 1182 noctuis
1171 1105 1280 1191 ἄρτοις

117 1215 240 1297 ζωμοῦς
259 1216 312 1278 καὶ
334 1213 467 1296 albetone
487 1213 654 1298 ἀρύεσθαι
672 1216 797 1296 schol).

198 1372 248 1435 IV.
290 1381 345 1434 -έω
366 1372 487 1454 syllaba
508 1372 720 1436 terminantur
742 1392 781 1436 ea
801 1372 899 1436 verba
921 1371 1171 1449 denominativa,
1194 1391 1277 1455 quae

115 1481 275 1543 actionem
292 1481 358 1544 eius
372 1499 526 1561 personae
540 1479 727 1560 significant,
749 1479 788 1543 de
804 1479 892 1542 cuius
908 1479 1035 1542 nomine
1056 1478 1133 1542 illud
1147 1479 1278 1543 verbum
1359 1532 1361 1536 ,

115 1585 290 1650 descendit:
340 1586 401 1649 hac
440 1586 660 1650 terminatione
698 1586 807 1650 addita
831 1585 1017 1668 plerumque
1048 1585 1279 1651 intransitivum

113 1693 278 1756 notionem
293 1693 372 1756 effici
386 1692 538 1757 Curtius
556 1696 640 1756 recte
654 1692 745 1768 vidit;
769 1692 855 1774 quod
872 1692 968 1755 etiam
983 1693 1014 1754 in
1029 1692 1277 1774 Aristophanem

115 1798 231 1864 cadere
252 1799 391 1877 videtur,
422 1799 509 1882 aqud
531 1819 627 1883 quem
657 1819 696 1864 ea
722 1799 861 1862 maxime
883 1799 981 1862 verba
1002 1799 1034 1862 in
1053 1807 1112 1861 -e'u
1131 1803 1277 1863 exeuntia

114 1905 348 1970 intransitivam
370 1906 532 1971 notionem
551 1906 681 1984 habent,
704 1925 786 1988 quae
808 1905 847 1969 de
869 1904 1073 1969 substantivis
1088 1907 1275 1989 compositis

115 2014 152 2076 ut
170 2011 360 2092 μουςοποιός
380 2012 519 2094 aliisque,
542 2012 747 2077 descendunt.

197 2126 415 2198 poeno-nocco
437 2119 466 2182 Ν
488 2119 557 2182 334.
582 2126 857 2200 σεμνοπροςωπέω
878 2118 907 2182 Ν
929 2119 998 2182 363.

198 2224 459 2308 α’στραπηφορέω
482 2224 508 2289 Ρ
530 2225 598 2289 711.
622 2225 811 2309 ἄρρηφορέω
831 2226 857 2290 L
875 2226 945 2290 641.

198 2331 384 2420 ψευδορκέω
406 2331 449 2396 Ec
469 2332 539 2395 603.
562 2331 829 2414 φαρμακοπωλέω
852 2333 879 2397 fr
902 2333 951 2397 95.

197 2438 426 2521 ἅρχιτεκτονέω
448 2437 476 2502 n
497 2437 566 2501 111.

196 2544 359 2627 pontecclo
387 2549 418 2608 et
447 2544 609 2626 ὀνηλατέω
630 2545 659 2608 fr
678 2546 739 2610 598
766 2545 909 2609 derivata
935 2549 1010 2610 sunt
1035 2547 1075 2611 de
1095 2549 1276 2613 nominibus

113 2650 272 2734 βοηλάτης
293 2655 324 2716 et
345 2649 510 2735 ὀνηλάτης,
532 2671 614 2734 quae
629 2653 716 2734 apud
733 2653 854 2731 atticos
876 2653 930 2734 qui
947 2657 1110 2732 vocantur,
1132 2659 1276 2718 auctores

114 2757 293 2841 frequentia
314 2759 474 2840 leguntur3
503 2758 600 2822 verba
628 2759 679 2823 illa
699 2778 719 2822 a
738 2759 962 2842 posterioribus
982 2761 1184 2842 scriptoribus
1206 2762 1275 2844 ipsa

114 2883 244 2947 quoque
265 2867 298 2930 in
316 2886 410 2930 usum
431 2870 595 2930 vocantur.

196 2972 392 3054 κυκλοβορέω
414 2974 444 3038 Α
466 2974 536 3051 381,
558 2973 644 3037 velut
664 2971 876 3055 Cycloborum
899 2973 1031 3038 fluvium
1051 2975 1192 3039 fremere.

195 3130 231 3192 V.
273 3129 376 3194 Verba
403 3129 639 3194 denominativa
667 3128 700 3191 in
729 3125 815 3190 -εύω
845 3129 990 3193 exeuntia
1019 3130 1122 3193 varias
1154 3130 1274 3195 habent

113 3238 258 3302 notiones
281 3240 312 3300 et
325 3236 559 3320 Aristophanen
579 3236 716 3300 maxime
734 3236 785 3301 vix
806 3236 913 3300 omnia
934 3235 976 3299 ad
996 3238 1115 3300 certam
1131 3238 1273 3318 regulam

112 3344 322 3408 revocaveris!

197 3446 446 3532 συνωρικεύομαι
466 3449 495 3514 Ν
518 3451 566 3529 15,
587 3449 694 3530 biiugo
715 3450 788 3513 vehi
810 3448 980 3530 (συνωρίς).

195 3557 410 3640 προτενθεόω
430 3558 459 3622 Ν
482 3558 569 3636 1200,
593 3561 688 3622 antea
710 3560 836 3638 gustare
857 3555 1077 3639 (προτένθης).

194 3663 389 3747 μυττωτεύω
409 3665 436 3727 V
457 3665 513 3743 63,
533 3664 573 3729 de
592 3662 758 3745 μυττωτός
780 3664 968 3741 deductum,
990 3666 1152 3729 notionem
1174 3665 1272 3729 habet

111 3773 311 3838 concutiendi
332 3772 407 3855 alqd
428 3771 470 3836 ad
489 3770 676 3854 pulticulam
697 3770 761 3851 (cfr.
784 3791 815 3852 p.
828 3770 866 3834 37
890 3770 1078 3854 κυρηβάζω).

194 3876 357 3942 acroteria
386 3878 509 3957 Vota,
542 3897 657 3942 manus
688 3878 721 3940 in
749 3878 934 3960 remigando
964 3877 1102 3942 celeriter
1131 3899 1267 3961 movere,

111 3987 258 4072 (πίτυλος
278 3990 326 4051 est
344 4005 506 4050 remorum
527 3984 655 4068 pulsus).
675 4019 715 4028 ·—
