2940 4492
698 166 739 230 10

135 340 176 405 ab
204 342 368 407 autoribus
394 343 446 408 illo
475 343 688 427 superioribus
716 347 844 428 propter
870 343 1118 409 obscoenitatem
1148 345 1178 409 in
1199 366 1296 411 usum

134 468 199 515 non
219 455 397 529 vocantur,
426 454 534 516 tamen
555 455 625 516 tum
647 452 798 534 temporis
819 453 852 516 in
873 470 926 517 ore
946 451 1054 534 populi
1072 452 1168 517 tuisse
1189 455 1295 519 existi-

135 558 290 622 mandum
312 562 367 622 est.

213 662 386 746 κεκράκτης
405 664 430 729 Ε
446 663 514 741 137,
530 663 668 729 clamart:
692 664 778 746 quod
792 682 909 728 nomen
925 663 966 727 de
982 666 1085 730 forma
1101 665 1295 748 reduplicata

134 769 221 834 verbi
243 768 348 850 κράζω
369 771 489 835 comice
505 771 677 835 deductum
691 770 735 835 ita
757 771 876 852 optime
900 771 1083 854 explicatur,
1105 776 1142 836 ut
1163 776 1294 837 auctam

131 876 218 941 illam
240 878 371 958 stirpem
394 877 437 941 ad
459 877 715 960 amplificandam
745 878 810 941 vim
840 877 987 942 clamoris
1017 878 1194 944 adhibitam
1226 900 1294 944 esse

132 983 288 1058 dieamus;
310 986 382 1065 post
404 984 491 1048 hune
503 983 664 1065 Aristoph.
679 984 836 1048 Lucienus
856 983 917 1050 hoe
935 1000 1053 1049 nomen
1074 985 1239 1064 imitanda,
1258 990 1294 1051 ut

132 1090 266 1168 videtur,
288 1109 472 1172 expressum
494 1091 672 1173 usurparit:
695 1089 750 1153 cfr.
767 1091 863 1155 etiam
884 1091 917 1155 id
939 1091 1025 1173 quod
1047 1091 1081 1155 Ε.
1098 1092 1159 1156 304
1178 1093 1293 1172 legitur

130 1194 402 1280 κατακκκράκτης,
428 1200 545 1280 inquo
567 1198 799 1280 praepositione
820 1197 904 1260 κατά
925 1199 1021 1262 etiam
1043 1200 1143 1280 magis
1164 1200 1294 1267 effertur

131 1305 177 1368 vis
198 1304 350 1382 fremitus,
369 1305 414 1369 ita
434 1308 470 1368 ut
491 1305 546 1369 sit:
571 1305 644 1387 »qui
664 1304 868 1369 vehementer
888 1306 1034 1372 clamat«.

210 1410 337 1496 κιτητής
363 1412 392 1476 Ν
414 1413 510 1488 1397,
547 1413 602 1494 qui
637 1415 759 1489 movet,
793 1413 874 1494 agit3
909 1413 1021 1477 eadem
1048 1413 1177 1478 notione
1204 1416 1293 1496 apud

129 1518 302 1584 Pindarum
324 1522 355 1583 et
375 1520 408 1583 in
428 1519 550 1602 hymno
572 1517 741 1583 Homerico
763 1517 895 1603 κιτητήρ
916 1538 1033 1584 nomen
1056 1521 1182 1601 legitur:
1204 1523 1293 1604 qnod

129 1625 180 1691 hie
200 1629 295 1708 poeta
317 1627 409 1691 metri
432 1644 528 1691 eausa
551 1626 675 1690 videtur
698 1627 872 1691 evitavisse.

208 1731 406 1816 ridarevrp'g
420 1734 447 1796 V
461 1734 522 1798 704
541 1729 602 1796 ἅττ.
619 1733 694 1814 ter„
713 1735 752 1798 de
767 1734 865 1798 verbo
885 1734 970 1816 apud
987 1734 1132 1798 classicos
1149 1755 1293 1818 quoque,

129 1840 181 1923 qui
204 1845 365 1917 vocantur,
389 1842 556 1924 scriptores
576 1845 730 1922 usurpato
752 1841 918 1904 τιθαστύω
934 1842 1112 1906 derivatum
1133 1843 1292 1922 signifieat

130 1967 202 2012 eum
224 1947 276 2030 qui
300 1948 417 2012 domat.

208 2052 479 2136 κωμηκδοττοτητης
503 2054 529 2119 Ρ
553 2055 629 2132 734,
659 2058 776 2132 metro,
806 2058 842 2119 ut
870 2054 1009 2132 videtur,
1039 2059 1166 2120 coaetus
1193 2059 1291 2137 poete

128 2161 211 2225 hane
243 2162 378 2226 formam
409 2162 499 2227 tinxit
531 2181 590 2243 pro
623 2180 674 2238 ea,
709 2180 806 2244 quam
839 2163 927 2243 apud
956 2161 1112 2227 Platonen
1144 2163 1290 2245 aliosque

128 2269 275 2350 legimus:
297 2266 534 2351 κωμῳδοποιός.

211 2374 408 2460 Ταγητιττής
436 2377 464 2441 fr
485 2376 564 2454 413,
593 2394 709 2438 nornen
738 2375 866 2438 fabulae
895 2375 989 2439 alicui
1011 2375 1053 2438 ab
1072 2375 1290 2458 Aristophane

127 2484 278 2562 inditum,
306 2486 325 2547 i.
347 2504 373 2547 e.
396 2485 569 2549 secundum
593 2482 808 2547 scholiastam:
836 2481 866 2544 ot
885 2481 955 2562 μετ’
976 2479 1110 2566 τ’έριστττΙ
1130 2485 1233 2564 φίλοι,
1258 2484 1292 2547 οἱ

128 2590 203 2671 περὶ
225 2590 363 2673 τάγηνον
384 2590 487 2673 φίλοι,
507 2591 525 2653 i.
550 2611 575 2654 e.
599 2591 653 2672 qui
675 2589 707 2653 in
728 2589 836 2653 batillo
859 2593 951 2668 sunt,
981 2590 1030 2653 vel
1051 2590 1106 2673 qui
1127 2609 1178 2667 ea,
1202 2611 1289 2672 quae

125 2700 157 2763 in
178 2696 288 2762 batillo
307 2700 390 2776 sunt,
412 2701 556 2778 gustant:
578 2696 801 2777 intelleguntur
817 2699 924 2760 autem
946 2697 1065 2762 rolaoes
1086 2701 1118 2760 et
1139 2699 1288 2779 parasiti3

126 2804 229 2868 forma
259 2801 448 2887 ταγηνιστής
484 2803 558 2868 ficta
589 2806 635 2867 est
672 2804 711 2867 de
742 2806 896 2885 ταγηνίζω
928 2805 1026 2868 verbo
1063 2804 1119 2885 (de
1150 2802 1288 2887 τάγηνος

125 2910 288 2992 deducto);
311 2910 397 2994 quod
420 2910 554 2975 verbum
575 2930 641 2973 non
663 2913 765 2974 exstat
786 2910 844 2974 nisi
866 2911 953 2992 apud
966 2910 1112 2992 Eupolim
1127 2915 1286 2977 comicum

124 3022 155 3083 et
176 3018 364 3101 posteriores
385 3018 517 3101 aliquos.
559 3010 666 3098 (ἅπαξ
686 3015 883 3098 λεγόμενον.)

205 3122 386 3208 τυστακτής
405 3122 432 3186 V
454 3124 505 3201 lh,
532 3126 587 3207 qui
607 3126 710 3206 eapite
732 3127 841 3189 nutat:
864 3125 951 3207 quod
971 3145 1089 3189 nomen
1110 3126 1139 3188 vi
1162 3127 1286 3190 comica

124 3232 292 3297 adhibetur
314 3233 353 3296 de
373 3232 501 3296 Somno.

206 3339 352 3404 Similiter
367 3340 503 3403 formata
519 3342 551 3403 et
569 3338 672 3403 facilia
688 3339 844 3422 explicatu
865 3343 939 3403 sunt
961 3340 1053 3404 haee:
1077 3336 1287 3423 ξυγκολλητής

122 3447 151 3511 N
169 3447 241 3524 446,
263 3444 439 3529 μοχλευτής
459 3447 487 3510 Ν
508 3446 568 3510 567
590 3448 621 3510 et
645 3446 734 3525 1397,
756 3444 935 3530 ἐγχειρητής
955 3447 1006 3511 Av
1028 3446 1097 3510 u57.

175 3643 206 3706 b.
249 3643 378 3707 nomina
401 3642 582 3706 deverhalia
602 3642 725 3723 generis
746 3639 898 3707 feminini
917 3643 949 3706 in
971 3648 1046 3725 τρία
1066 3645 1223 3708 exeuntia.

205 3765 418 3851 συσκηνήτρια
438 3764 486 3830 Th
510 3767 586 3845 624,
616 3768 767 3831 feminina
789 3767 891 3831 forma
917 3766 969 3847 (de
992 3771 1160 3851 συσκηνεΐν
1181 3769 1283 3834 uerbo

124 3871 290 3953 deducta),
321 3875 409 3938 cuius
426 3874 602 3938 masculina
622 3893 687 3938 non
709 3878 811 3952 extat,
840 3875 997 3955 significat
1024 3895 1096 3939 eam
1118 3875 1282 3955 feminam,

121 3999 204 4062 quae
226 3999 350 4045 meeum
372 3982 420 4044 est
438 3981 471 4044 in
492 3981 708 4059 tabemaeulo‚
729 3980 893 4060 coenohi0,
912 3977 973 4043 ἅττ.
995 3981 1059 4062 try.
