2940 4492
666 199 706 263 25

100 377 179 460 παρ’
204 375 366 442 ninivem!
391 381 514 442 motum
541 377 701 454 videmuS‚
732 376 806 441 huic
833 376 903 441 ioco
934 377 1043 441 subest
1076 396 1173 459 quam
1202 376 1258 440 illis

100 486 212 564 verbis
235 506 317 569 quae
337 506 434 568 supra
451 484 648 567 legebamus:
671 487 752 545 πνεῖ
768 487 880 556 κακίας
900 483 953 545 καὶ
976 488 1204 566 συκοφαντίας.

181 591 346 675 φθίνυλλα
360 591 404 656 Eo
416 593 478 656 935
499 588 559 655 ἅττ.
571 591 645 672 icy„
667 591 785 657 comice
806 591 846 656 de
863 594 1053 675 φθίοεσθαι
1068 591 1256 669 derivatum,

100 703 192 765 notat
213 696 362 777 vetulam,
385 717 494 765 aomo.

537 1010 577 1066 B.
603 1005 813 1070 Adoeottuo

180 1159 286 1240 Atque
300 1158 380 1224 haec
396 1161 524 1242 quidem
546 1161 700 1225 hactenus
715 1162 754 1225 de
768 1162 1040 1225 substantivorum
1055 1160 1259 1223 formatione:

98 1284 183 1347 quae
211 1285 284 1328 cum
309 1267 418 1330 omnia
445 1267 543 1330 oculis
564 1258 874 1349 perlustraverimuS‚
906 1267 1096 1332 accedamus
1123 1266 1188 1329 iam
1217 1265 1259 1329 ad

98 1371 271 1451 adiectus,
299 1392 381 1454 quae
402 1372 456 1436 Ar.
478 1393 563 1438 nova
584 1372 748 1438 formavit:
780 1394 817 1438 ao
846 1375 984 1456 primum
1005 1373 1134 1454 quidem
1156 1372 1198 1436 ad
1220 1390 1259 1434 ea

97 1499 155 1543 nos
179 1483 415 1558 convertamus,
444 1500 527 1562 quoe
548 1481 588 1544 de
611 1481 715 1544 verbis
738 1486 792 1546 aut
815 1481 934 1545 directa
956 1485 1013 1544 aut
1033 1480 1186 1544 indirecte
1207 1479 1259 1541 via

97 1586 241 1651 derivata
262 1587 409 1651 videntur
433 1606 509 1650 esse.

396 1743 435 1805 A.
464 1743 673 1807 adiectiva
703 1743 959 1820 deverbaiia‚

95 1893 233 1955 quorum
245 1873 380 1954 plurima
395 1870 455 1934 ἅττ.
467 1873 495 1935 λ.
510 1878 600 1937 suut:
623 1874 716 1938 huius
727 1874 848 1954 generis
862 1894 927 1938 non
938 1894 1041 1956 pauca
1054 1875 1259 1937 inveniuntur

95 1980 436 2062 apudAn'stophanem
447 1978 730 2059 in-mu'gexeuntia,
739 1981 853 2063 quibus
863 2001 900 2044 ea
909 1982 995 2045 notio
1004 1981 1258 2061 inestutsigniti-

97 2067 288 2167 ceturiS‚qui
296 2090 391 2168 aptus
399 2091 447 2151 est
455 2088 496 2152 ad
504 2088 589 2170 uiqd,
598 2089 653 2168 qui
661 2089 749 2152 novit
757 2089 842 2172 alud,
850 2083 1259 2168 νοΙολοοοερταόςΕ1378,

95 2189 156 2254 oin.
170 2193 244 2273 ny„
253 2195 307 2274 qui
316 2194 357 2257 ad
365 2194 575 2275 colligendum
585 2199 679 2275 aptus
687 2199 743 2272 est,
754 2193 1005 2275 γοωμοτοτττκός,
1020 2195 1074 2276 qui
1086 2194 1258 2258 sententias

95 2298 199 2363 faeere
218 2303 337 2379 potest,
358 2300 630 2374 καταδακτυλικός
650 2302 676 2365 Ε
700 2303 775 2367 1381
800 2299 860 2364 tin.
882 2302 955 2382 λεγ.,
976 2298 1112 2373 τικτικός
1133 2302 1169 2364 fr.
1189 2302 1259 2378 690,

96 2425 235 2488 proquo
258 2403 400 2479 τεκτικός
420 2407 531 2471 melius
547 2408 669 2472 exarari
683 2409 797 2486 iudico,
821 2412 856 2473 ut
876 2409 915 2471 sit
935 2429 954 2471 a
976 2412 1072 2468 τίκτω
1087 2407 1258 2469 oriundum

96 2516 128 2576 et
147 2513 315 2593 significet:
351 2514 506 2596 quidquid
535 2515 577 2578 ad
604 2515 794 2596 pariendum
822 2514 926 2578 habile
948 2516 1010 2591 esi,
1041 2515 1193 2594 pertinet3
1221 2513 1260 2574 τό

96 2617 241 2681 vexemur
272 2618 403 2700 (subst.)
439 2619 573 2702 explicat
606 2621 738 2684 Photius
765 2621 873 2698 589‚1:
911 2620 949 2682 τό
981 2624 1052 2692 ταῖς
1079 2617 1260 2693 τικτούσαις

96 2723 270 2804 διδόμενον
309 2725 490 2809 φάρμακον.
551 2727 654 2790 Huius
695 2727 817 2807 generis
849 2727 975 2808 (-ικός)
1019 2728 1257 2792 numeravimus

99 2832 137 2895 14
158 2832 371 2897 adiectiva
392 2834 434 2896 ab
454 2834 507 2897 Ar.
531 2833 658 2914 linguae
681 2832 774 2896 illata.

178 2939 299 3003 Deinde
322 2939 395 3003 huie
414 2940 504 3004 classi
525 2940 729 3004 attribuenda
750 2945 842 3003 sunt:

178 3045 414 3127 ἀποβολιμαῖος
435 3047 461 3110 Ρ
482 3047 553 3124 678,
576 3048 631 3130 qui
653 3048 777 3111 abicere
798 3051 924 3111 scutum
945 3047 1024 3111 solet
1046 3045 1106 3109 ἅττ.
1129 3046 1190 3127 λτγ.

178 3151 392 3236 ἐκπετήσιμος
412 3154 464 3217 Au
488 3154 576 3232 1355,
598 3155 640 3218 ad
661 3154 854 3218 evolandum
877 3158 979 3237 uptus.

179 3258 376 3343 φοσατήρτος
396 3261 420 3323 L
446 3261 524 3323 1242
546 3257 607 3323 ἅττ.
630 3261 703 3342 λετ,
733 3262 890 3342 signifieat
915 3279 1056 3342 eaquae
1077 3261 1119 3324 ud
1147 3260 1258 3324 tibiam

97 3366 242 3429 attinent.

178 3470 414 3555 ὀσφραντήριος
430 3474 461 3537 R
483 3474 553 3551 893,
577 3475 630 3556 qui
651 3475 733 3537 bene
755 3473 914 3537 odoratur.

177 3578 427 3662 defensionique
448 3580 475 3643 Ν
497 3581 567 3657 875,
590 3581 631 3644 ad
654 3580 913 3663 persuadendum
931 3582 1033 3661 aptus.

178 3684 321 3768 Denique
344 3685 497 3768 παρυφής
518 3686 565 3766 (fr
588 3687 667 3768 309)
699 3687 889 3751 adieetivum
911 3685 1045 3749 fortasse
1068 3686 1129 3749 huc
1152 3685 1258 3748 referri

95 3794 217 3872 potest,
259 3792 346 3874 quod
385 3812 444 3872 ego
487 3812 507 3856 a
549 3798 744 3875 παροφαίοω
785 3794 882 3856 verbo
923 3797 1049 3875 pottam
1093 3792 1258 3855 deduxisse

96 3898 255 3974 existimo,
288 3902 323 3960 ut
354 3902 435 3961 esset
458 3899 619 3976 adtextuS‚
648 3902 878 3980 praetextatus:
918 3899 978 3962 hoc
1000 3900 1140 3975 nomine,
1163 3898 1258 3980 'quod

96 4004 286 4068 substantivi
306 4010 455 4069 naturum
478 4005 529 4070 iilo
550 4010 692 4087 tempore
709 4007 832 4070 videtur
849 4007 1014 4087 accepisse,
1035 4005 1257 4071 continebatur
