2940 4492
715 200 859 264 37-

157 375 361 458 prohabiliter
388 377 532 441 restituta
558 331 619 451 est:
646 376 804 457 λαγωνίζω
825 398 864 443 ex
893 374 998 458 λαγών
1025 378 1197 443 deductum
1228 376 1313 443 idem

157 484 311 565 significat
325 503 363 548 ac
378 484 528 548 σποδεϊνι
551 483 655 565 (simili
676 485 799 551 ratione
819 486 860 551 de
876 484 962 568 πυγή
977 486 1136 550 derivatur
1149 487 1313 565 πυγίζειν),

239 661 264 706 o.
286 641 428 723 Denique
450 641 534 706 addo
556 641 710 706 nonnulla
730 642 827 706 verba
845 643 878 706 in
899 644 967 720 -ίζω
987 645 1044 708 aut
1066 639 1144 718 -άζω
1157 639 1312 717 exeuntia,

157 768 241 832 quae
263 748 401 813 comice
422 749 496 812 ficta
518 752 590 812 sunt
618 751 674 812 aut
695 749 897 813 obscuram
918 749 1038 813 habent
1060 748 1312 830 terminologiam

155 859 188 919 et
208 855 481 937 significationem:

237 963 422 1045 καρδαμίζω
432 961 482 1026 Th
493 962 563 1040 617,
581 962 731 1027 cardamo
746 963 878 1027 similem
892 983 968 1040 esse,
986 963 1043 1042 vel,
1062 962 1199 1046 —quod
1212 961 1313 1041 magis

156 1072 314 1153 quadrare
335 1069 413 1133 milri
427 1070 560 1147 videtur,
581 1089 667 1134 -ea
684 1069 797 1149 facere,
819 1090 902 1153 quae
924 1071 1074 1135 cardamo
1097 1069 1208 1133 similia
1229 1071 1313 1145 sunt,

155 1177 195 1241 de
214 1178 352 1242 futilibus
366 1177 563 1243 sermonibus
577 1177 695 1242 dictum
710 1176 808 1260 (quod
823 1197 881 1242 nos
898 1177 1045 1242 dicimus:
1058 1175 1199 1259 kohlen);
1222 1174 1315 1238 huius

155 1285 243 1349 verbi
270 1285 357 1348 notio
386 1284 475 1348 certis
503 1284 618 1348 finibus
646 1284 857 1349 circumscribi
885 1304 951 1348 uon
972 1288 1089 1366 potest,
1122 1302 1194 1348 cum
1217 1282 1313 1346 etiam

156 1391 327 1458 cunctandi
348 1392 436 1456 notio
457 1410 522 1456 non
544 1409 673 1474 prorsus
695 1391 737 1456 ab
758 1391 905 1456 hocloco
925 1391 1029 1455 aliena
1049 1410 1117 1454 esse
1139 1389 1291 1454 videatur.

237 1499 444 1582 λαγαρίζομαι
458 1498 566 1577 lel,
580 1498 700 1563 diverse
714 1498 813 1564 lexica
826 1500 1080 1580 interpretantur,
1094 1501 1150 1562 aut
1164 1496 1314 1578 ligurrire,

154 1611 211 1674 aut
232 1608 390 1689 languem,
407 1609 536 1669 tenuem
548 1605 624 1670 lieri.
647 1601 948 1685 ota.tey.(n0nnu11i
963 1606 1049 1670 libri:
1071 1601 1313 1687 λαγαρύζομαι.)

236 1711 403 1797 κυρηβάζω
425 1712 451 1776 Ε
468 1712 543 1790 272,
566 1713 701 1776 obscura
722 1731 788 1776 esse
810 1714 939 1777 notione
959 1713 1057 1776 lexioa
1078 1716 1109 1776 et
1130 1711 1262 1794 antiqua
1283 1713 1315 1774 et

152 1822 327 1887 recentiora
361 1820 525 1885 adnotant.
577 1819 681 1885 Schol.
713 1819 755 1884 ad
782 1820 868 1884 hunc
899 1840 1026 1884 versum
1059 1821 1191 1884 adnotat
1221 1819 1314 1882 haec:

153 1932 336 2011 κυρηβοισία
356 1927 377 2011 ἡ
397 1929 462 1989 τῶν
484 1924 627 2010 κεράτων
646 1924 745 2009 μάχη,
766 1925 879 2010 πλήξις
898 1929 964 1989 τῶν
984 1929 1115 2010 τραγῶν.
1165 1928 1228 1991 Sed
1253 1927 1314 1991 hae

155 2036 313 2113 notiones
335 2035 360 2099 si
382 2039 466 2101 recte
486 2035 604 2112 iudico,
625 2037 700 2098 sunt
720 2036 892 2099 translatae
915 2039 947 2098 et
968 2036 1143 2110 derivatae;
1165 2035 1314 2116 primaria

153 2146 261 2207 autem
277 2142 369 2206 huius
384 2143 471 2206 verbi
485 2142 572 2206 notio
588 2160 656 2204 esse
671 2141 777 2205 debet:
803 2142 907 2224 »alqrn
924 2142 1055 2207 caedere
1072 2143 1114 2206 ad
1129 2143 1313 2225 pulticulam

152 2251 171 2313 i.
193 2269 220 2313 e.
253 2251 297 2313 ita
317 2251 353 2312 ut
378 2249 434 2312 fiat
463 2248 628 2331 pulticula,
660 2249 745 2331 quod
776 2269 835 2312 nos
857 2249 1005 2314 dicimus:
1034 2251 1109 2314 kurz
1138 2249 1204 2313 und
1229 2248 1312 2312 klein

152 2356 293 2431 harenc:
313 2374 388 2419 nam
400 2375 438 2420 ex
448 2354 608 2438 κυρήβιον,
624 2356 710 2439 quod
723 2361 770 2420 est
782 2356 891 2434 furfur,
907 2355 982 2420 illud
989 2357 1123 2420 verbum
1135 2356 1313 2419 derivatum

152 2466 208 2526 est.
261 2463 423 2526 Sententia
454 2467 562 2526 autem
590 2462 671 2526 illius
701 2483 809 2527 versus
836 2463 953 2527 comice
980 2462 1012 2526 in
1037 2463 1139 2526 maius
1160 2465 1254 2527 aucta
1282 2466 1313 2525 et

152 2568 236 2633 elata
251 2574 310 2645 est:
332 2567 508 2652 κυρηβάσει
527 2572 612 2632 enim
633 2570 709 2634 nihil
731 2570 817 2634 aliud
837 2569 991 2651 significat
1011 2569 1069 2633 nisi
1084 2565 1217 2632 κλαύσει
1231 2578 1314 2651 μέγα

152 2677 202 2740 vel
222 2677 284 2740 tale
306 2676 390 2758 quid.

235 2782 401 2863 σκιμβάζω
421 2784 449 2847 fr
467 2783 537 2861 678,
560 2784 745 2862 claudicare,
767 2785 897 2848 haerere
919 2784 993 2868 alqo
1016 2785 1098 2849 loco:
1122 2784 1209 2866 quod
1228 2784 1312 2848 unde

152 2893 276 2966 manet,
307 2889 426 2955 firmari
448 2893 572 2972 nequit:
604 2892 702 2956 lexica
733 2892 862 2975 quidem
891 2892 1058 2956 conferunt
1088 2892 1148 2956 hoc
1179 2891 1312 2954 verbum

153 3016 225 3060 cum
247 2996 403 3078 κιμβάζω,
433 2996 609 3080 ὀκιμβάζω,
638 2999 692 3063 sed
714 3019 786 3064 mea
808 3000 962 3064 sententia
987 3003 1163 3080 auntpfioc
1184 3001 1314 3066 nomine

128 3163 133 3174 .
152 3106 205 3170 vix
226 3105 361 3188 disiungi
382 3109 506 3189 poterit.

232 3213 477 3295 τανταλίζομαι,
510 3214 636 3279 Tantali
657 3233 745 3278 more
764 3235 798 3278 se
819 3233 942 3296 gerere,
973 3216 1022 3278 vel
1044 3215 1171 3280 divitem
1194 3236 1260 3281 esse
1280 3221 1315 3281 ut
1352 3254 1355 3259 ·

154 3320 339 3398 Tantalum,
375 3323 429 3403 qui
465 3341 612 3387 nummos
642 3321 849 3403 ponderabat.
899 3319 959 3384 Cfr.
983 3341 1021 3386 ea
1050 3342 1132 3403 quae
1159 3324 1192 3387 in
1221 3324 1312 3388 huius

154 3428 305 3510 prooemii
326 3450 357 3510 p.
380 3430 400 3491 8
421 3429 632 3511 exposuimus

235 3583 269 3645 Il.
293 3583 328 3646 ln
345 3583 458 3660 verbis,
480 3602 577 3664 quae
599 3584 635 3647 in
657 3581 721 3645 -όω
742 3587 898 3662 exeunt,
920 3585 1020 3648 inesse
1041 3584 1119 3649 solet
1139 3585 1312 3650 factitiva

154 3690 253 3768 noti0,
283 3709 381 3771 quam
408 3690 505 3753 etiam
531 3691 563 3753 in
584 3691 823 3773 Aristophaneis
845 3690 947 3754 verbis
968 3691 1115 3754 invenies.
1158 3690 1311 3756 Curtius

154 3795 173 3858 l.
196 3796 215 3859 l.
237 3796 259 3874 I,
282 3797 341 3860 349
362 3800 446 3861 recte
477 3797 558 3862 duas
584 3799 768 3879 praecipuas
794 3796 889 3860 huius
916 3797 1146 3861 terminationis
1167 3798 1311 3862 notiones

155 3903 275 3967 statuit:
305 3904 454 3982 alteram,
483 3905 508 3967 si
529 3904 720 3968 adiectivum
747 3904 956 3968 fundamento
978 3904 1071 3981 iacet,
1102 3906 1311 3970 causativam:

156 4008 287 4074 πλατόω
296 4008 446 4091 (πλατύς)
453 4011 554 4075 latum
562 4011 706 4087 reddere;
719 4010 863 4088 alteram,
871 4011 896 4074 si
903 4011 1135 4075 substantivum
1147 4013 1311 4094 cogitatur,
