2940 4492
772 188 812 252 38

214 367 251 428 ut
269 367 478 447 exprimatur:
500 366 618 449 aliquid
632 366 764 444 efficere,
784 367 873 450 alqm
893 365 1018 431 afficere
1037 365 1112 448 alqa
1133 386 1181 430 re:
1203 353 1376 448 δελφωκόω

210 468 377 553 (δέλφαξ),
401 473 487 556 alqm
508 492 598 538 suem
620 474 735 550 facere3
768 470 919 555 βωίανόω
940 471 1120 556 (βάλανος),
1140 474 1266 558 pessulo
1286 472 1376 555 alqm

214 578 339 643 afficere
359 580 390 661 (i.
415 600 441 643 e.
464 584 590 662 portam
611 581 756 646 claudere
778 581 924 663 pessulo).

297 683 430 749 πλατόω
450 687 481 751 Α
502 685 562 751 552
582 678 642 749 dn.
664 686 726 767 λεγ.

296 790 467 872 πεταχνόω
489 792 515 856 fr
528 794 599 872 279,
621 793 765 869 dilatare;
788 812 901 874 genere
922 794 1039 858 rnedio:
1068 792 1201 876 gloriari.

295 898 517 982 δελφακόομαι
537 901 567 965 Α
586 901 656 979 786,
680 920 832 983 magnum
852 920 946 964 suum
968 901 1043 964 fieri.

294 1004 482 1088 ῥαφανιδόω
512 1007 541 1070 Ν
573 994 666 1085 1083,
700 1008 844 1088 raphano
881 1004 967 1089 alqm
999 1007 1139 1071 afficere:
1174 1027 1239 1090 qua
1269 1028 1377 1090 poena

213 1113 431 1178 multabantur
449 1114 573 1178 moechi
595 1114 662 1190 (cfr.
686 1112 855 1196 σκοροδίζω
876 1135 905 1196 p.
930 1113 990 1194 36).

294 1218 423 1300 alauda
444 1220 475 1286 R
499 1220 587 1301 1075,
608 1218 747 1303 polluere
767 1222 854 1305 alqm
874 1224 1010 1286 stercore
1032 1222 1182 1286 humano.

293 1325 445 1408 βαλανόω
465 1328 516 1392 Au
541 1328 618 1392 1159
640 1328 668 1392 fr
688 1328 771 1392 459¹.
1151 1332 1154 1337 '

296 1433 623 1516 qooryyo'onarAbuss,
645 1434 777 1500 verbum
792 1435 834 1500 ad
848 1432 934 1500 illam
945 1435 1086 1517 regulam
1100 1435 1151 1499 vix
1165 1434 1376 1510 revocaveris;

213 1542 364 1623 originem
385 1546 494 1605 autern
509 1541 596 1605 ducit
611 1542 651 1606 de
666 1543 783 1624 φῦσιγξ
797 1541 934 1619 nomine,
955 1541 1041 1624 quod
1056 1544 1103 1605 est
1119 1544 1174 1606 aut
1197 1541 1375 1623 »pustula«

213 1652 269 1712 aut
292 1649 432 1712 »scorodi
453 1648 588 1713 exterior
607 1669 719 1732 pars«,
741 1650 784 1714 ita
804 1652 840 1713 ut
860 1646 994 1728 verbum
1015 1648 1091 1715 illud
1113 1651 1169 1712 aut
1193 1648 1376 1726 »iuuandi«,

215 1756 311 1819 »flatu
342 1754 557 1838 impellendi«,
592 1775 674 1838 quae
704 1756 790 1820 notio
825 1756 868 1819 ad
896 1752 1026 1828 ὀδύναις
1053 1775 1164 1820 vocem
1192 1756 1376 1838 quadraret,

213 1866 268 1924 aut
300 1862 451 1925 »scorodo
487 1862 655 1927 incitandi«
686 1862 946 1944 significationem
973 1863 1106 1927 habeat:
1144 1883 1217 1926 urea
1245 1863 1378 1945 quidem

213 1969 368 2032 sententia
389 1977 665 2051 πεφυσιγγωμένοι
681 1968 897 2050 significantur
917 1968 1061 2033 homines
1082 1968 1280 2051 Megarenses
1304 1970 1378 2036 irati

212 2078 244 2138 ct
263 2075 395 2152 incitati,
426 2076 555 2140 notione
577 2076 700 2140 scorodi
730 2078 847 2139 cornice
874 2076 984 2140 addita
1012 2077 1044 2139 in
1073 2077 1133 2140 hoc
1154 2077 1266 2154 verbo,
1300 2078 1377 2159 quia

211 2182 336 2246 illorum
357 2185 424 2263 agri
447 2183 580 2247 scorodo
601 2183 686 2264 pleni
708 2185 810 2247 erant!

292 2384 339 2450 ΠΙ.
381 2387 463 2450 -cdo
489 2390 519 2452 et
541 2386 610 2449 -άω
630 2388 879 2466 terminationes,
916 2393 951 2453 ut
979 2390 1044 2454 iam
1072 2408 1102 2452 v.
1124 2388 1264 2454 verbalia
1293 2388 1378 2454 desi-

211 2493 355 2560 derativa
385 2497 594 2573 edocuerunt,
624 2496 804 2587 nominibus
832 2496 975 2560 adnexae
1001 2499 1120 2561 statum
1150 2497 1289 2579 aliquem
1318 2501 1379 2562 aut

212 2598 404 2665 desiderium
426 2602 638 2685 morbumque
659 2602 756 2666 animi
776 2604 827 2666 vel
850 2604 1001 2686 corporiS,
1023 2603 1296 2684 investigationem
1318 2605 1378 2684 rei,

212 2710 247 2771 ut
257 2707 356 2771 Curtii
368 2709 470 2773 verbis
483 2713 621 2786 utamur,
638 2710 831 2791 exprimunc
850 2710 904 2774 sed
916 2711 1000 2774 hanc
1012 2711 1197 2793 primariam
1210 2713 1379 2776 notionem

210 2815 368 2879 nonnullis
391 2816 422 2879 in
444 2817 545 2879 verbis
567 2819 725 2880 mutatam
746 2837 813 2880 esse
835 2816 1005 2898 intelleges.

294 2919 465 3000 σιβυλλιάω
483 2922 508 2984 Ε
523 2923 572 2999 ul,
593 2922 780 2987 desiderium
802 2924 920 2987 habere
935 2926 1136 2990 oraculorum
1156 2926 1380 3007 sibyllinorum

211 3027 388 3109 (sidrutem
408 3029 503 3093 aliam
526 3029 590 3091 vim
610 3049 688 3111 prae
710 3050 744 3093 se
763 3031 822 3094 lert
839 3032 981 3108 verbum,
1005 3033 1091 3114 quod
1106 3037 1153 3096 est
1170 3030 1379 3113 σιβυλλαίνω,

211 3136 297 3216 quod
318 3136 473 3199 Diodorus
495 3137 670 3218 usurpavit:
694 3140 728 3201 ut
749 3137 893 3219 sibyllam
916 3139 1043 3203 oracula
1065 3139 1166 3204 edere.
1190 3175 1228 3182 -—

291 3240 464 3323 nequemaior
492 3242 517 3306 E
541 3243 634 3320 1339,
663 3263 783 3308 cornua
809 3240 917 3308 tollere
940 3243 1077 3323 (Schol,:
1106 3249 1285 3326 μετεωρίζω
1314 3247 1380 3330 τήν

210 3347 383 3431 κεφαλήν),
396 3349 436 3413 de
447 3370 511 3431 quo
519 3351 616 3413 verbo
626 3351 758 3414 Photius
770 3351 899 3416 deduxit
907 3349 1139 3433 κερουτιασμός
1149 3355 1167 3416 i.
1178 3373 1204 3416 e.
1217 3355 1381 3436 superbia.

291 3453 458 3538 εὔρωτιοῖω
479 3457 508 3520 Ν
529 3457 579 3533 44,
601 3455 778 3538 nudanda]
800 3458 828 3521 N
850 3460 918 3536 183,
940 3458 1087 3540 uuunder
1110 3460 1138 3523 N
1162 3461 1249 3524 1383.

290 3560 482 3643 βουβωνιάω
505 3564 530 3625 V
551 3564 621 3640 478,
641 3565 788 3644 genitalia
808 3569 1014 3631 tumescentia
1036 3568 1161 3631 habere.

294 3665 570 3751 loquenten,
603 3672 689 3752 apud
718 3672 869 3736 Babrium
889 3674 1057 3754 significat:
1094 3675 1220 3739 cristam
1245 3675 1381 3756 habere,

210 3776 271 3840 hoc
291 3780 399 3840 autem
415 3776 495 3840 loco:
519 3778 685 3841 cristarum
708 3778 862 3842 desiderio
881 3780 1039 3855 laborare;
1062 3783 1180 3846 cornice
1202 3783 1383 3849 formatum

212 3885 260 3946 est
281 3883 323 3945 ad
346 3882 526 3962 analogiam
549 3884 717 3948 verborum
738 3885 925 3966 ποδαγράω,
945 3885 1083 3966 uusado.

296 3987 465 4071 ληματιοὲω
484 3990 515 4054 R
535 3989 606 4069 494,
628 3990 816 4072 ὀρχιπεδιέω
836 3993 888 4057 AV
912 3993 979 4057 1492.
