2940 4492
760 182 801 248 22

205 364 232 426 V
255 365 350 429 1356:
384 381 457 428 cum
477 365 510 427 in
532 362 598 428 aliis
618 363 769 428 similibus
789 368 900 446 poeto,
930 365 1059 428 fortusse
1087 368 1190 428 metro
1218 365 1363 443 cogente.

205 470 286 536 duas
315 471 441 535 vocales
469 473 616 535 accurate
644 471 832 536 distinxerit:
862 470 982 534 νοΐδιον
1003 471 1028 535 Ε
1051 473 1126 546 100;
1153 471 1256 549 (cuius
1276 469 1365 533 vocis

205 580 291 642 notio
323 578 465 660 paullum
498 577 628 642 discedit
660 597 680 642 a
712 578 843 660 simplici
874 579 1018 656 nomine,
1055 583 1091 642 ut
1120 580 1176 642 sit:
1206 578 1364 642 sententia

205 684 320 748 mentis
341 683 464 766 plena);
487 683 608 766 γηΐδιον
629 685 657 753 fr
679 684 832 766 (fundus),
853 684 997 766 γραΐδιον
1017 685 1055 748 Pi
1076 685 1146 749 537.

288 790 423 855 Omnia
434 792 684 869 deminutire,
698 810 794 874 quae
809 791 853 856 de
869 791 1365 874 nominibuspropriisderi-

207 899 400 977 novitiis,
423 899 458 963 iu
480 897 599 960 -ίδιον
617 900 817 963 terminari
839 899 1136 965 observarimus:
1171 898 1365 961 Βοιωτίδιον

204 1009 234 1072 A
248 1007 319 1085 872,
344 1005 578 1069 Φειδιππίδιον
590 1005 619 1069 Ν
633 1006 683 1082 80,
706 1005 924 1086 Σωκρατίδιον
937 1007 966 1070 Ν
980 1007 1039 1070 rui
1061 1010 1093 1069 et
1112 1007 1183 1084 237,
1203 1005 1365 1086 Ἑρμίδιον

203 1114 328 1190 Puri,
359 1112 573 1194 Μυρρινίδιον
600 1112 625 1175 L
649 1112 726 1189 872,
756 1111 939 1183 Ξανθίδιον
966 1113 997 1177 R
1018 1115 1078 1177 582
1106 1113 1243 1195 alioqum
1274 1114 1363 1196 quod

205 1240 283 1285 num
305 1240 383 1285 casu
403 1219 523 1285 fectum
546 1221 601 1297 sit,
628 1219 766 1284 dubitari
786 1223 899 1302 potest.
941 1220 1145 1284 Schwabium
1170 1218 1300 1303 quidem
1321 1220 1365 1284 de

204 1328 265 1392 hac
287 1346 321 1390 re
342 1326 440 1391 verbu
460 1327 570 1391 fecisse
590 1344 657 1390 non
675 1326 826 1390 videmus.
861 1327 1105 1390 Numeravirnus
1126 1328 1220 1392 huius
1240 1329 1365 1408 generis

203 1435 334 1500 nominc
356 1435 395 1498 57
419 1430 461 1497 ub
482 1434 537 1497 Ar.
560 1434 662 1516 primo
682 1434 715 1496 iu
736 1452 830 1497 usum
852 1438 967 1498 vocata
988 1434 1038 1498 vei
1059 1433 1141 1499 ficia.

194 1536 203 1552 '
285 1541 332 1604 ΠΙ.
375 1540 482 1604 Tertia
502 1541 683 1604 terminatio
703 1538 825 1620 -οέριον,
856 1561 954 1622 quem
983 1541 1034 1604 aiii
1063 1542 1230 1623 scriptores
1258 1541 1364 1622 graeci

203 1669 276 1713 raro
295 1648 445 1712 adhibere
466 1648 568 1712 solent
588 1647 630 1711 ad
652 1647 820 1712 formanda
840 1649 971 1711 nomina
995 1647 1206 1724 deminutus,
1236 1651 1265 1709 ei
1295 1648 1364 1728 ipsa

203 1757 245 1820 ab
266 1756 327 1818 hoc
349 1758 443 1836 podia
464 1756 612 1836 frequens
626 1755 659 1817 in
680 1755 901 1819 usum'vocata
915 1758 970 1818 est.
1006 1754 1053 1817 De
1068 1774 1132 1838 qua
1145 1755 1197 1818 cfr.
1214 1753 1363 1817 Schwub.

203 1884 233 1945 p.
255 1864 305 1926 69.
353 1862 559 1926 inveniuntur
580 1865 688 1925 autem
711 1861 805 1924 huius
826 1861 947 1942 generis
970 1861 1166 1925 deminutiva
1189 1861 1227 1924 14
1247 1860 1291 1923 ab
1311 1860 1363 1924 illo

202 1971 339 2034 sermoni
373 1969 467 2031 iliata.
524 1967 570 2031 De
600 1968 796 2049 singulorum
829 1967 922 2031 huius
955 1967 1076 2048 generis
1108 1968 1274 2033 nominum
1306 1972 1364 2031 out

202 2077 390 2142 formatione
412 2077 467 2140 aut
495 2074 722 2156 significatione
753 2074 831 2138 nihil
859 2075 1080 2139 adnotandum
1102 2080 1165 2152 est,
1195 2075 1254 2137 nisi
1275 2076 1364 2156 quod

203 2181 408 2266 φιλοττάριον
427 2181 470 2246 Ec
492 2182 549 2246 891
573 2178 633 2242 rin.
656 2181 683 2243 ί.
705 2201 770 2245 non
800 2181 992 2246 abstractam
1021 2181 1298 2262 significationem,
1327 2185 1365 2245 ut

202 2291 306 2355 forma
327 2289 487 2372 primaria,
509 2289 564 2353 sed
588 2291 780 2385 concretam,
803 2308 886 2370 quae
905 2291 1047 2364 vocatur,
1068 2289 1175 2352 habet.

283 2397 333 2460 IV.
375 2396 485 2479 Neque
521 2397 616 2461 etium
650 2414 754 2477 pauca
791 2395 987 2459 deminutiva
1023 2396 1202 2458 formentur
1239 2397 1281 2458 ab
1306 2396 1363 2459 Ar.

202 2522 298 2586 opera
326 2504 584 2568 terminationum
616 2519 731 2579 -ιοκος,
762 2518 867 2580 -οκος,
898 2522 989 2582 -σκη,
1021 2503 1245 2567 adiuncturum
1274 2502 1364 2584 stirpi

202 2612 370 2689 nominali,
393 2612 478 2674 velut
499 2609 712 2690 καλάμισκος,
740 2612 894 2692 μαζίσκη,
924 2607 1115 2691 ἱεράκιοκος,
1143 2606 1362 2688 κοιλοὶθισνος;

201 2719 295 2782 huius
316 2717 437 2798 generis
455 2718 694 2780 numeravimus
713 2717 857 2799 exempla
881 2718 927 2780 13.

285 2825 320 2887 V.
363 2845 403 2896 -ις
423 2824 680 2889 terminationem
702 2824 931 2888 deminutivum
953 2844 1031 2906 pree
1050 2844 1083 2887 se
1104 2823 1210 2887 ierunt
1230 2821 1364 2885 nomina

202 2933 297 2996 haec:
319 2934 470 3013 μαχαιρίς
490 2929 515 2992 Ε
534 2931 614 3007 iri,
645 2935 761 3012 φορμίς
782 2931 809 2992 V
829 2933 870 2994 58
892 2928 952 2992 ἅττ.
974 2931 1018 3006 λ.;
1044 2928 1204 3008 conterre
1224 2929 1248 2991 L
1272 2929 1363 3005 1000,

203 3041 376 3104 deductum
405 3039 445 3101 de
468 3032 630 3118 ὕσπληγξ,
659 3038 746 3118 quod
785 3041 848 3102 est:
883 3037 979 3115 sunm,
1009 3056 1106 3118 quern
1134 3037 1304 3100 certatores
1331 3036 1364 3097 in

203 3147 359 3214 currendo
402 3144 650 3220 transsiliebani3
690 3144 788 3217 κλινίς
822 3145 872 3209 Th
901 3146 977 3220 2613
1019 3145 1172 3228 κληματίς
1206 3142 1257 3206 Th
1285 3142 1363 3217 72&

203 3256 314 3328 ποελίς
329 3256 356 3319 fr
369 3253 443 3329 &973
463 3256 594 3332 κωροκίς
610 3252 636 3316 fr
650 3253 724 3327 3683
744 3255 850 3329 πεζίς,·
865 3252 998 3333 λοντρίς,
1013 3254 1053 3317 de
1067 3253 1201 3333 λοῦτρον
1214 3270 1363 3327 manum,

204 3363 320 3429 tralatu
340 3361 468 3425 notione
488 3356 642 3440 significat
655 3360 816 3439 cingulum
822 3360 996 3442 'quoddam
1011 3361 1052 3424 ad
1067 3360 1204 3442 tegenda
1218 3359 1364 3422 membra

202 3469 342 3534 verenda
363 3468 556 3542 adhibitum3
578 3466 773 3546 βατραχίςΕ
791 3467 869 3530 1406
884 3471 931 3531 est
951 3469 1057 3532 viridis
1079 3486 1230 3532 ranarum
1253 3468 1363 3541 vestis;

205 3577 350 3657 ἁλουργίς
370 3575 395 3638 E
409 3575 479 3652 967,
501 3574 541 3637 de
559 3571 711 3652 οἷλοοργός
732 3574 860 3637 nomine
875 3574 1058 3651 deductum,
1073 3575 1226 3656 significat
1242 3577 1364 3637 vestem

204 3702 345 3768 purpura
367 3683 491 3745 marine
510 3681 656 3744 tinctum:
679 3680 765 3762 quod
787 3680 1016 3762 Aristophanes
1035 3683 1163 3763 primm,
1185 3680 1365 3762 complures

204 3795 277 3872 post
297 3809 371 3854 eum
393 3788 557 3870 scriptores
579 3788 611 3850 in
632 3806 726 3851 usum
744 3791 908 3850 vocarunt.

289 3897 337 3958 Vi.
379 3896 446 3959 Iam
467 3895 716 3977 complectamur
737 3895 875 3976 reliques
896 3893 1013 3958 somnes
1035 3893 1259 3971 deminutivum,
1281 3913 1365 3976 quas

207 4000 434 4086 Aristophanes
459 4002 499 4066 de
527 4003 708 4067 nominibus
736 4001 905 4069 derivarit:
933 4001 1093 4082 ιινλίχνιον
1111 4000 1137 4064 Ε
1157 4001 1218 4064 906
1239 3996 1300 4065 διο.
1324 4001 1365 4081 L,
