2940 4492
23 4134 72 4216 Ι

708 188 748 251 69

230 371 494 445 Antiope-tunica
522 367 551 430 A
575 367 670 445 1906,
697 368 801 430 notari
831 367 905 431 dicit
934 367 1038 431 Schol.
1069 369 1112 431 ad
1138 368 1170 431 h.
1192 388 1222 430 v.
1252 367 1312 430 τᾶν

150 472 314 553 Λάμαχον
343 472 492 537 tamuda:
520 474 607 555 quod
635 475 661 536 si
690 477 774 537 recle
802 475 932 550 dicitur,
962 476 1087 556 proprie
1107 476 1310 540 scribendum

151 584 220 646 erat
240 584 365 662 poetae:
385 579 671 661 Ἰππικο-λάμαχος
692 581 743 644 vel
763 581 861 644 simile
881 581 1053 664 quidpiam.

481 856 527 922 11.
566 856 756 940 composita
780 858 981 940 copulativa.

232 991 376 1053 Altera
409 990 557 1053 classis
595 992 843 1071 compositorum
880 990 1099 1071 complectitur
1136 1009 1190 1068 ea,
1226 1008 1312 1070 quae

150 1096 371 1177 copulativa
392 1095 531 1172 ratione,
562 1114 644 1176 quae
670 1099 821 1173 vocatur,
851 1096 1031 1176 linguatum
1064 1095 1158 1159 huius
1188 1095 1313 1176 generis

151 1202 316 1284 complura
337 1201 483 1284 exempla
502 1202 589 1283 apud
603 1202 851 1284 Aristophanem
873 1203 1015 1282 legimus
1040 1221 1123 1284 quae
1142 1202 1194 1266 hic
1216 1204 1314 1284 poeta

152 1311 194 1375 ad
214 1311 319 1373 iocum
342 1308 480 1390 aliquem
503 1309 745 1390 exprimendum
768 1310 886 1373 comice
908 1308 1096 1389 composuit.

233 1416 344 1498 Neque
366 1435 440 1478 vero
459 1415 614 1478 assentior
635 1414 761 1479 illorum
784 1417 923 1478 virorum
945 1415 1138 1491 sententiae,
1169 1415 1224 1496 qui
1253 1414 1314 1478 has

152 1543 246 1587 voces
274 1522 521 1586 determinativis
549 1521 808 1586 adnumerandas
841 1541 907 1585 esse
939 1519 1173 1601 censuerunt*).
1229 1519 1315 1585 Nam

153 1631 210 1693 etsi
230 1630 293 1693 alia
314 1629 473 1711 quaedam
496 1628 577 1692 ratio
606 1633 653 1692 est
685 1629 919 1709 compositionis
948 1628 1148 1710 copulativae
1176 1627 1315 1705 Indicae,

153 1755 252 1818 quarn
272 1734 542 1817 Aristophanem,
572 1737 684 1799 tamen
705 1734 825 1800 Graeca
848 1755 977 1816 quoque
1005 1735 1200 1816 composita,
1230 1752 1315 1815 quae

152 1842 234 1906 infra
263 1841 447 1918 afferemus,
476 1845 512 1904 ut
539 1842 721 1924 copulativa
752 1842 943 1906 considerari
972 1844 1121 1922 possunt3
1151 1860 1228 1905 narn
1257 1840 1316 1902 illis

152 1949 334 2030 compositis
376 1949 596 2030 exprimuntur
630 1953 661 2012 et
694 1949 1009 2030 comprehenduntur
1045 1969 1102 2013 eae
1138 1945 1317 2030 qualitates,

153 2075 235 2138 quae
257 2059 288 2118 et
309 2055 404 2137 priori
420 2059 451 2118 et
465 2052 556 2118 alteri
571 2057 716 2120 membro
729 2057 935 2120 adhaereant.
973 2056 1036 2120 Sed
1050 2056 1083 2118 in
1098 2056 1147 2119 his
1164 2055 1316 2136 exemplis

153 2162 392 2244 Aristophaneis
424 2163 612 2244 plerumque
647 2163 734 2226 iocus
771 2163 882 2244 aliquis
917 2164 962 2226 rei
995 2163 1156 2226 subicitur.
1208 2161 1317 2238 Quam

153 2271 229 2334 scite
256 2271 298 2334 ab
328 2268 379 2333 illo
406 2270 436 2333 R
456 2270 518 2334 499
540 2269 697 2334 Xanthias
713 2268 1033 2350 ‘Hpantsrogurdtag
1055 2267 1249 2352 appellatur,
1280 2271 1318 2331 ut

155 2377 271 2458 duplex
293 2376 360 2439 eius
381 2379 499 2440 natura
521 2380 552 2441 et
574 2376 676 2457 figura
695 2375 899 2456 significetur!
936 2376 1084 2440 Similiter
1099 2375 1161 2439 alia
1183 2375 1317 2439 nomina

155 2483 331 2564 copulative
362 2486 598 2564 componuntur
631 2483 673 2546 ah
706 2482 776 2559 illo,
812 2501 949 2564 quorum
979 2483 1123 2545 notiones
1157 2502 1216 2545 nos
1251 2501 1318 2545 non

155 2609 278 2670 semper
311 2592 459 2652 accurate
482 2590 651 2671 explanare
681 2609 867 2672 possumus,
899 2609 990 2667 cum,
1017 2590 1094 2671 quid
1125 2589 1240 2670 leporis
1267 2588 1318 2652 ille

155 2696 360 2776 expresserit,
390 2714 410 2758 a
431 2697 523 2760 nobis
544 2697 678 2760 inveniri
698 2701 847 2778 nequeat.

237 2801 308 2865 Huc
330 2803 497 2866 referenda
519 2823 588 2866 esse
611 2803 817 2868 iudicavimus
840 2803 1015 2885 composita
1037 2802 1133 2866 haec:

241 2915 599 2991 Τισαμενο-φαίνιππος
619 2911 650 2973 A
670 2910 748 2988 603,
769 2907 1070 2991 Γερητο-θεόδωρος
1091 2909 1121 2971 Α
1142 2908 1219 2986 605,
1247 2930 1318 2970 κυν-

158 3014 295 3099 αλώπηξ
322 3016 347 3079 Ε
371 3017 467 3095 1067,
496 3007 708 3099 ypra-ateana
736 3018 865 3095 11999,
894 3014 1168 3097 tnnc-uotumque
1197 3015 1223 3078 Ρ
1250 3015 1318 3078 181.

240 3121 543 3206 ἱππ-αλεκτρυώνΡ
560 3125 653 3199 1177;
675 3124 736 3187 hoc
752 3125 943 3189 vocabulum
958 3127 1005 3186 ter
1021 3122 1107 3202 apud
1121 3122 1176 3184 Ar.
1192 3121 1317 3202 legitur:

158 3234 192 3294 at
213 3232 238 3294 si
258 3230 367 3309 verba,
387 3251 471 3313 quae
492 3231 520 3295 R
542 3232 603 3294 939
624 3232 783 3312 leguntur,
806 3230 984 3294 accuratius
1006 3228 1186 3310 inspexeriS,
1205 3261 1245 3271 —
1264 3227 1319 3292 ubi

159 3340 334 3422 Aeschylus
362 3338 518 3415 illuditur,
547 3339 633 3420 quod
664 3357 718 3402 eas
748 3357 822 3402 aves
849 3338 882 3400 in
908 3355 1037 3400 scenam
1059 3335 1184 3399 duxerit
1205 3371 1245 3379 —
1267 3336 1319 3398 vix

160 3446 287 3529 putabis
297 3446 546 3527 Aristophanem
561 3446 700 3527 primum
721 3445 782 3509 hoc
803 3444 993 3508 vocabulum
1017 3443 1241 3524 composuisse,
1263 3442 1318 3505 sed

159 3553 370 3636 Aeschylum!

244 3656 477 3740 ξιπυ-μάκαιρα
498 3658 548 3721 Th
572 3659 649 3721 1197
673 3657 825 3740 (loquitur
845 3657 973 3740 Scytha,
994 3677 1053 3739 pro
1075 3650 1318 3737 ξιφομάχαιρα).

240 3766 469 3845 cloud-nytera
490 3766 515 3829 Ε
538 3766 626 3842 1091,
648 3765 675 3827 V
695 3765 766 3842 677,
788 3764 838 3827 Αν
859 3765 935 3840 731,
955 3764 1172 3844 significantur
1194 3761 1318 3824 divitiae

258 4028 282 4098 *1
302 4028 355 4084 cfr.
374 4027 487 4083 Oleum.
505 4026 523 4079 l.
541 4026 559 4079 l.
579 4043 642 4095 pag.
661 4025 695 4078 80
712 4043 758 4093 pp.
