2940 4492
586 203 709 276 ,19

105 383 240 446 alteram
263 387 386 465 partem
401 383 537 448 nominis
554 383 771 467 compositi-ex
785 382 911 447 duobus
923 385 1083 448 membris,
1122 383 1269 468 (τορελλῇ

105 508 230 568 rerum,
253 490 341 572 quod
362 491 475 555 eodem
497 491 566 554 loeo
587 509 606 554 a
635 489 849 570 grammaticis
880 491 1011 567 citatur,
1040 491 1117 555 nihil
1137 496 1185 556 est
1207 492 1266 556 nisi

105 596 291 661 adverbium
327 598 576 676 exclamationis,
612 597 790 660 derivatum
818 597 858 660 de
896 597 1026 662 nomine
1063 597 1197 681 σορέλλη
1226 634 1264 644 -

105 702 258 785 Harpen:
296 701 493 786 ἐπιφώνημα
519 701 715 786 demortuos·
743 700 805 768 ode
824 702 914 786 αὐλῷ
934 702 1094 788 Θρᾳκικόν
1120 740 1157 751 -
1188 725 1265 771 nam

105 811 192 893 quod
213 827 328 875 ocum
349 833 368 871 τ
389 812 478 875 litera
499 814 623 876 mutata
645 810 731 875 libris
752 812 901 889 traditur,
922 812 1001 877 nihil
1021 813 1122 889 valet3
1145 832 1264 877 nornen
1341 795 1348 806 ’

103 917 180 981 iilud
192 913 252 979 ἅπ.
261 916 324 997 ny.
337 917 605 1000 Aristophaneum
618 923 675 997 est,
688 938 761 983 cum
773 919 834 983 hoc
849 919 978 983 adverb.
993 921 1080 1002 apud
1092 920 1265 1001 Diogenem

103 1023 264 1088 Laertium
284 1023 381 1088 semel
403 1025 590 1088 inveniatur.

144 1236 174 1284 a.
216 1221 336 1287 neutra
352 1221 443 1284 huius
458 1221 591 1301 geuene,
604 1221 712 1285 omnia
727 1222 759 1285 in
774 1242 856 1283 -ειον
870 1221 1027 1299 exeuntia,
1043 1224 1117 1286 sunt
1129 1223 1221 1291 haec:

187 1344 334 1425 φυλλεῖα,
354 1343 407 1422 τά,
430 1345 459 1408 A
473 1345 534 1408 dd9
551 1344 589 1409 Pl
606 1346 678 1425 544,
693 1344 917 1426 intelleguntur
932 1345 1059 1411 frondes
1073 1366 1111 1410 ac
1125 1347 1261 1428 plantae.

186 1450 321 1533 λοφεῖον
341 1452 370 1516 Α
393 1451 481 1527 1109,
502 1451 658 1532 significat
678 1450 794 1528 locum,
816 1470 881 1533 quo
902 1455 1047 1516 servatur
1069 1454 1171 1531 crista,
1191 1455 1211 1517 i.
1234 1474 1261 1518 e.

103 1557 270 1641 pharetra;
292 1557 379 1640 quod
400 1576 519 1621 nornen
540 1557 596 1622 Ar.
619 1560 749 1640 primus,
771 1578 837 1624 non
859 1558 943 1623 solus
963 1563 1105 1641 usurpat.

186 1661 323 1728 ἅνθειον
343 1665 373 1730 A
394 1666 470 1742 869,
500 1665 613 1729 eadem
641 1666 770 1730 notione
792 1686 830 1730 ac
851 1686 968 1731 nomen
990 1662 1109 1746 ἄνθος,
1138 1667 1262 1750 dequo

102 1773 260 1854 originem
280 1774 375 1850 ducit,
397 1777 588 1854 usurpatum
610 1778 667 1837 est.
690 1770 750 1835 dn.
772 1773 835 1853 λεν.

188 1878 350 1942 σκιάδειον
364 1879 389 1942 Ε
402 1879 491 1957 1318,
514 1901 533 1944 1
556 1879 629 1942 σκιά
650 1900 786 1944 manans
808 1883 897 1944 notat
919 1881 1153 1959 umbraculum,
1176 1881 1263 1964 quod

101 1987 177 2051 inde
199 1986 242 2050 ab
264 1985 318 2050 Ar.
340 1989 445 2050 aetate
467 1987 499 2049 in
520 2006 614 2052 usum
635 1989 742 2051 venire
762 1987 873 2069 coepit.

186 2091 352 2172 ὀρνίθειον
374 2092 402 2155 fr
424 2092 484 2156 358
506 2089 566 2154 dn.
588 2093 663 2173 aa,
684 2093 781 2172 locus,
802 2112 867 2176 quo
888 2096 1056 2157 morantur
1076 2112 1158 2157 aves.

540 2307 571 2374 d.
614 2306 826 2389 deminution.

185 2432 351 2497 Accedunt
371 2433 445 2498 huic
466 2435 555 2498 classi
576 2433 855 2509 substantivorum,
878 2450 976 2514 quarn
999 2432 1088 2496 litera
1109 2432 1135 2495 B
1157 2434 1262 2513 signa·

101 2540 216 2618 vimus,
237 2540 298 2605 alia
314 2541 473 2623 quaedam
489 2541 619 2603 nomina
631 2542 661 2603 et
675 2540 744 2620 ipsa
759 2539 1004 2616 denominativa,
1027 2558 1109 2621 quae
1123 2540 1261 2622 plurima

102 2648 136 2710 in
157 2648 212 2710 Ar.
233 2646 348 2710 fabulis
369 2647 533 2728 teguntur,
559 2645 845 2728 deminutivu*).
892 2645 983 2723 Quae
1004 2647 1135 2711 nomina
1163 2667 1261 2729 quam

100 2754 207 2818 varias
225 2753 475 2834 significationes,
496 2772 593 2834 quam
610 2753 731 2817 variam
746 2754 811 2816 vim
833 2754 951 2818 habere
967 2754 1095 2835 possint,
1113 2772 1151 2818 ex
1166 2753 1260 2818 huius

101 2862 216 2944 poetae
240 2862 349 2924 comici
369 2859 518 2941 exemplis
538 2860 588 2923 vel
611 2861 749 2924 maxime
772 2862 916 2942 cognosci
937 2863 1049 2944 potest,
1071 2880 1166 2942 quern
1188 2879 1264 2943 prae

101 2969 215 3032 ceteris
249 2968 430 3032 auctoribus
464 2969 495 3031 et
527 2969 627 3049 poetis
660 2967 728 3031 illas
758 2969 875 3032 formas
908 2968 1046 3031 maxime
1077 2986 1201 3032 amasse
1232 2972 1263 3032 et

99 3092 195 3156 saepe
224 3092 392 3155 usurpasse
425 3077 558 3138 constat.
612 3074 721 3156 Neque
750 3073 836 3136 eninr
866 3077 993 3138 tantum
1018 3074 1059 3139 ad
1082 3075 1259 3140 notandam

100 3200 171 3244 rem
197 3200 270 3244 vere
299 3200 433 3262 parvam
461 3181 510 3244 vel
536 3180 705 3260 minorem,
742 3200 840 3263 quam
869 3181 1027 3262 reliquae,
1064 3181 1258 3247 deminutiva

199 3424 224 3494 ⁸)
243 3423 314 3477 Tota
336 3423 372 3477 de
397 3422 586 3478 deminutione
612 3424 737 3492 quaestio
763 3424 869 3494 copiose
895 3425 1064 3494 perlustrata
1083 3426 1170 3480 estin
1188 3426 1259 3480 Lud

98 3509 268 3566 Sobnabii
287 3509 320 3564 de
338 3509 470 3563 deminut.
490 3510 583 3565 Graec.
603 3513 631 3566 11
648 3510 737 3565 Latin.
757 3509 954 3565 dissertatione.
973 3510 1058 3576 (Giss.
1079 3511 1165 3582 1859).
1206 3513 1259 3567 Hic

98 3596 144 3651 vir
161 3597 257 3651 doetus
273 3596 328 3650 tria
345 3597 542 3651 deminutionis
557 3614 666 3668 genera,
682 3614 752 3666 quae
771 3598 805 3651 ed
824 3597 963 3651 notionem
977 3598 1143 3667 pertineant,
1161 3598 1257 3652 distin-

98 3683 176 3753 guit:
197 3683 296 3737 demin.
315 3683 427 3752 propria
445 3686 580 3752 (μείωςις),
604 3684 674 3738 dem.
695 3683 797 3738 blanda
815 3685 1012 3757 (ὑιιςιιριςιός),
1032 3686 1058 3739 d.
1077 3687 1257 3755 contemptim

97 3771 234 3840 usurpata
259 3775 475 3842 (ιαταφρόιηςις)ε
500 3788 616 3839 quorum
642 3770 760 3824 alterum
787 3772 815 3824 et
839 3770 955 3824 tertium
979 3788 1065 3841 genus
1087 3770 1206 3825 maxime
1227 3771 1256 3827 in

99 3857 185 3912 An'st.
208 3857 356 3913 dictionem
384 3858 481 3912 cadere
505 3856 573 3910 mihi
601 3857 718 3910 videtur.
759 3856 834 3921 Quae
859 3856 1015 3911 distributio
1039 3875 1100 3911 curn
1124 3856 1201 3912 nobis
1220 3860 1256 3913 ab

20 3930 30 3947 ⁶
97 3944 182 4000 huius
199 3943 399 3999 dissertationis
417 3944 529 4000 oonsilio
550 3943 640 3998 aliena
653 3960 709 3998 esse
723 3942 860 4008 rideatur,
878 3942 1060 4012 praetulimus
1073 3943 1166 4008 aliam,
1185 3961 1256 4012 quae

98 4051 119 4088 a
134 4031 194 4089 sola
212 4031 226 4084 f
230 4048 325 4086 orma
343 4032 575 4087 deminutivorum
590 4029 775 4102 proficiscitur.

1014 4123 1049 4179 2*
