2940 4492
712 123 751 185 7b

152 301 387 375 auctoritatem,
413 301 571 379 quantum
599 303 799 380 poteramus
826 303 925 364 secuti
952 318 1078 366 sumus:
1104 322 1207 385 neque
1239 307 1309 368 erat

152 408 270 484 inutile,
293 424 375 486 quae
396 404 446 467 ille
467 405 506 467 de
527 405 681 468 universis
702 406 882 487 compositis
903 408 935 470 in
955 409 1096 472 medium
1110 410 1249 490 protulit,
1273 430 1312 473 ea

152 515 191 578 de
212 511 450 592 Aristophaueis
471 513 647 574 accuratius
668 513 829 593 persequi,
851 515 926 594 quia
948 516 1117 580 nonnullas
1138 536 1207 595 res,
1227 536 1311 598 quae

152 623 383 694 memorentur,
412 618 523 697 dignas
551 618 590 680 de
619 619 712 682 huius
743 623 856 702 poetae
888 624 1113 706 compositione
1145 623 1310 702 obiectiva,

152 747 250 811 quam
270 725 463 801 vocavimus
487 726 640 789 invenisse
661 727 752 790 nobis
775 729 929 792 videmur.

234 926 263 970 a.
305 904 448 967 Primum
465 905 558 984 igitur
573 905 801 969 consideranda
815 912 888 970 sunt
902 928 939 971 ea
954 909 1129 990 composita
1144 909 1310 987 obiectiva,

153 1034 234 1097 quae
256 1033 276 1075 a
295 1009 475 1074 nominibus
498 1010 657 1091 incipiunt

201 1113 205 1121 ⁸
233 1136 279 1199 De
309 1134 497 1198 formatione
526 1133 643 1197 horum
670 1154 773 1215 comp.
804 1154 868 1198 non
895 1136 996 1200 multa
1026 1142 1119 1200 erunt
1148 1137 1309 1211 addenda3
1358 1209 1361 1215 ¹

152 1243 294 1308 vocalem
313 1241 396 1303 enim
408 1240 657 1328 compositivam,
677 1260 768 1321 quae,
787 1242 810 1303 si
826 1242 961 1305 alterum
977 1243 1157 1306 membrum
1174 1243 1311 1306 avocati

151 1351 276 1431 incipit,
305 1351 360 1410 aut
382 1366 447 1409 non
468 1348 570 1428 posita
593 1351 640 1409 est
662 1351 718 1411 aut
746 1349 917 1426 intercidit,
949 1349 1047 1428 (velut
1069 1351 1103 1413 in
1123 1350 1226 1413 verbis
1249 1347 1311 1434 ὀψ-

153 1457 248 1538 uleae,
276 1457 505 1535 πυρρ-απίπρς
526 1453 688 1535 aliisque),
715 1456 900 1537 plerumque
922 1478 939 1516 o
961 1477 1028 1520 esse
1050 1456 1171 1519 ridebis
1192 1457 1224 1519 iu
1249 1456 1311 1520 hac

152 1565 251 1639 classi,
270 1561 365 1625 semel
387 1583 405 1641 η
427 1562 459 1623 ln
480 1561 578 1624 verbo
601 1561 897 1642 στεᾳανη-πλοκέω,
919 1564 1016 1626 semel
1038 1585 1063 1625 t:
1086 1563 1310 1642 καλλι-γένεια,

152 1691 251 1754 quam
267 1672 434 1748 utramque
449 1688 558 1731 vocem
575 1668 629 1731 Ar.
647 1688 712 1732 non
726 1671 791 1750 ipse
813 1670 999 1751 composuit,
1021 1671 1076 1733 sed
1095 1691 1170 1734 casu
1190 1670 1311 1734 factum

152 1782 215 1853 est,
245 1780 280 1839 ut
309 1775 388 1838 haec
417 1775 480 1837 duo
511 1778 653 1838 vetustae
681 1779 775 1839 notae
805 1778 979 1858 composita
1008 1779 1094 1861 apud
1115 1778 1310 1859 superiorem

152 1885 290 1965 aliquem
312 1882 364 1944 illo
387 1882 572 1962 scriptorem
593 1901 658 1945 non
687 1883 873 1963 legerentur.
926 1884 1059 1948 Prorsus
1080 1888 1186 1949 autem
1220 1884 1311 1946 abest

150 1990 266 2054 vocalis
293 1989 499 2068 compositiva
520 2008 538 2051 a
561 1990 741 2070 compositis
771 1988 958 2072 σαμ-φόρας
986 1996 1018 2054 et
1046 1988 1310 2070 rrae-donatiana,

150 2099 183 2160 in
211 2096 325 2177 quibus
357 2095 468 2176 prioris
496 2096 630 2157 membri
660 2097 762 2159 forma
790 2117 916 2178 prorsus
937 2099 1106 2162 immutata
1125 2099 1233 2162 relicta
1253 2102 1311 2175 est,

150 2205 196 2268 ita
226 2207 263 2266 ut
295 2221 353 2283 pro
386 2202 568 2266 adulterinis
607 2204 802 2284 compositis,
836 2225 919 2285 quae
953 2210 1068 2269 vocant
1103 2205 1310 2286 grammatici,

149 2310 299 2374 habenda
325 2310 403 2371 sint:
432 2308 493 2372 Sed
522 2308 601 2372 haec
628 2312 800 2390 composita
831 2315 901 2392 post
926 2314 981 2375 Ar.
1010 2318 1156 2394 tempora
1185 2313 1311 2394 saepius

150 2417 394 2498 usurpabantur.
437 2416 527 2492 Quae
549 2435 648 2497 quum
671 2418 716 2480 ita
736 2418 806 2494 sint,
829 2419 1040 2496 concluditur,
1062 2419 1311 2500 Aristophanem

149 2525 295 2588 omnibus
316 2524 497 2604 compositis
513 2523 684 2602 obiectivis,
706 2527 1010 2605 quaeanominibus
1025 2527 1189 2607 incipiunt,
1212 2546 1311 2607 quae-

150 2651 287 2712 cumque
324 2632 389 2710 ipse
427 2629 590 2707 formavit,
627 2654 644 2691 υ
678 2631 820 2694 vocalem
857 2633 1096 2714 compositivam
1133 2632 1310 2696 inseruisse.

150 2737 302 2801 Omnium
322 2740 429 2801 autem
451 2738 567 2800 horum
588 2739 837 2819 compositorum
861 2739 1104 2820 significationes
1124 2740 1244 2821 optime
1266 2740 1311 2803 ita

150 2846 364 2927 explicantur,
391 2848 426 2907 ut
446 2845 531 2925 prius
554 2845 732 2909 membrum
755 2851 790 2909 ut
812 2866 905 2910 verus
925 2849 1124 2911 accusativus
1145 2848 1187 2912 ab
1210 2848 1311 2912 altero

150 2953 293 3017 membro
316 2952 498 3033 dependens
519 2952 682 3032 cogitetur.

232 3076 383 3157 Exempla
405 3076 499 3139 huius
518 3076 624 3139 classis
645 3076 886 3140 innumerabilia
903 3076 967 3139 fere
985 3077 1098 3141 afferre
1116 3079 1309 3159 supersedeo

148 3189 180 3249 et
207 3183 383 3248 secundum
409 3183 519 3264 stirpes
547 3183 705 3259 verbales,
736 3202 815 3264 quas
846 3184 946 3247 altera
977 3185 1120 3248 membra
1147 3185 1309 3262 exhibent,

148 3291 340 3367 brevissime,
362 3292 520 3370 quantum
540 3294 696 3371 poteram,
718 3292 889 3370 conspectu
911 3290 1058 3354 ordinata
1071 3291 1234 3373 composui
1249 3293 1309 3355 sic:

149 3397 340 3479 9exenip1a
369 3395 602 3478 Aristophanea
632 3396 838 3458 inveniuntur
868 3396 900 3458 in
921 3395 975 3476 toy
999 3398 1129 3479 stirpem
1159 3398 1310 3461 exeuntia

150 3502 278 3583 t-tdyog,
299 3502 422 3581 -λογέω,
441 3501 608 3582 -λογεῖον),
631 3502 666 3564 31
691 3503 724 3564 in
746 3500 835 3564 πωλε
857 3501 1004 3585 (πώλης,
1025 3503 1163 3583 -πωλέω,
1185 3503 1310 3582 -πῶλις,

148 3607 338 3691 -πωλήτρια,
354 3608 437 3688 alia),
452 3610 470 3671 5
486 3609 518 3671 in
536 3630 611 3689 φαγ,
628 3608 685 3671 1in
701 3629 793 3687 τρωγ,
807 3608 868 3679 2ἰη
883 3610 1218 3691 upay‚1indorx,4in
1235 3609 1309 3693 atvs,

152 3719 165 3781 l
189 3719 220 3780 in
242 3737 323 3794 πωτ,
347 3715 383 3777 17
406 3715 438 3777 in
462 3738 533 3795 φορ,
556 3715 575 3777 6
597 3715 630 3777 in
652 3715 714 3797 ἕργ,
738 3715 775 3777 la
794 3715 827 3776 in
850 3737 915 3792 ποι,
937 3717 956 3778 5
977 3716 1008 3778 in
1030 3739 1104 3794 καπ,
1124 3717 1142 3779 3
1160 3717 1192 3780 in
1214 3741 1309 3801 τροφ,

150 3826 168 3888 ,⁶2
191 3827 221 3887 ln
248 3846 356 3904 στρος,
381 3824 392 3884 1
416 3824 446 3884 in
461 3827 533 3900 dac,
556 3823 621 3884 ain
640 3821 732 3902 δρομ,
753 3823 771 3884 2
789 3822 820 3883 in
836 3821 931 3897 o'rrrrr,
954 3823 967 3884 1
984 3823 1016 3884 in
1030 3845 1128 3902 κομπ,
1148 3824 1213 3886 ain
1231 3830 1308 3908 dno,

151 3934 170 3997 5
192 3932 224 3994 in
247 3952 321 4011 μαν,
342 3929 360 3991 3
382 3930 414 3991 in
437 3929 504 4010 δίφ,
527 3931 545 3992 3
568 3930 599 3991 in
622 3928 718 4011 ω’ρυχ,
741 3930 759 3993 3
778 3930 811 3991 in
830 3928 909 4016 depr,
934 3930 946 3991 1
973 3930 1004 3991 in
1027 3951 1138 4010 capey,
1157 3933 1224 3995 tin
1239 3954 1308 4014 τηρ,
1363 3975 1369 3987 .
