2940 4492
715 243 755 311 77

156 447 240 512 quae
259 428 403 492 vendunt
423 425 592 498 srorodum
611 425 645 487 in
666 425 820 507 cauponis
847 427 879 488 et
907 444 1053 507 panem..
1080 423 1224 506 Denique
1253 422 1316 485 huc

155 535 358 599 referendum
378 535 427 597 est
447 532 538 596 illud
552 531 813 612 undenonaginta
840 528 1035 614 syllabarum
1062 550 1199 607 nomen,
1231 528 1317 611 quod

156 641 200 706 Ec
223 640 302 706 1169
324 640 452 722 legitur,
480 658 545 721 quo
574 637 722 720 permulti
748 638 809 702 cibi
830 639 979 704 lautiores
999 639 1229 720 significantur,
1261 634 1316 718 qui

156 748 292 830 genetivi
306 745 499 830 quoque-‚vel
514 744 593 809 alius
608 763 698 809 casus
713 738 813 827 opera
824 748 855 809 et
873 744 999 811 vinculo
1013 745 1146 827 exprimi
1158 744 1314 826 poterant.
1432 829 1435 836 Ι

156 855 229 934 Sed,
249 857 286 919 ut
299 854 405 920 iocum
423 854 574 930 moveret,
595 854 690 933 poeta
703 852 810 916 omnia
832 853 988 917 vocabula
1008 853 1120 918 eodem
1140 849 1315 932 composito

156 962 335 1027 coniunxit:
355 960 442 1043 quod
462 960 488 1023 si
509 977 574 1023 uno
593 957 706 1040 spiritu
726 960 968 1041 pronuntiatum
989 963 1047 1038 est,
1065 977 1211 1024 summus
1231 959 1314 1021 certe

157 1070 300 1134 omniurn
322 1068 377 1150 qui
394 1066 529 1131 aderant
550 1063 725 1130 cachinnus
745 1066 898 1130 excitatus
917 1069 974 1130 est

239 1199 423 1281 Sequuntur
434 1196 499 1262 iam
513 1198 621 1280 aliqua
634 1197 809 1280 composita
823 1197 1067 1280 Aristophanen,
1090 1216 1172 1280 quae
1188 1196 1314 1260 duobus

157 1306 337 1372 nominihus
368 1307 516 1371 constant
543 1305 605 1382 ita,
637 1307 672 1368 ut
701 1305 789 1386 prius
820 1325 938 1370 nomen
970 1305 1098 1370 alterius
1129 1303 1315 1388 qualitatem

156 1395 333 1478 accuratius
371 1410 512 1476 definiat
539 1415 571 1475 et
608 1410 844 1478 circumscribat
879 1416 976 1496 atque
1012 1413 1057 1476 ita
1093 1411 1238 1494 quidem,
1280 1410 1316 1474 ut

155 1519 519 1584 determinationis
554 1519 717 1601 quaedam
751 1516 844 1584 ratio
866 1519 998 1584 existere
1032 1519 1194 1594 rideatur3
1229 1516 1315 1581 velut

157 1633 355 1708 cvpoyspoo
379 1625 522 1704 nomine,
548 1626 574 1688 si
600 1626 642 1691 ad
666 1627 774 1690 vivum
795 1646 983 1705 resecamus,
1004 1627 1197 1709 significatur
1216 1621 1315 1707 γέρων

154 1734 261 1816 sopori
285 1733 304 1796 i.
324 1753 351 1797 e.
380 1732 468 1798 cuius
494 1737 610 1797 natura
639 1735 670 1797 et
697 1734 868 1815 ingenium
887 1733 996 1816 qualia
1021 1735 1100 1813 sint,
1127 1753 1205 1798 voce
1232 1753 1317 1815 τυφο

154 1840 264 1905 addita
285 1840 463 1904 accuratius
485 1839 668 1915 definiatur;
689 1843 820 1904 notatur
840 1844 949 1904 autern
969 1860 1067 1908 senex
1086 1840 1205 1918 debilis,
1227 1840 1315 1904 cuius

155 1966 249 2011 mens
268 1946 308 2010 fu
316 1956 384 2011 mo·
394 1947 486 2028 quasi
506 1945 648 2027 Involuta
669 1950 726 2025 est,
747 1947 776 2011 N
796 1947 868 2011 908.

237 2078 336 2142 Simili
356 2078 480 2143 ratione
499 2077 525 2142 Ε
550 2078 606 2142 197
629 2081 834 2159 dupe-otacus
856 2082 888 2142 et
908 2077 934 2142 Ε
955 2077 995 2142 47
1017 2073 1315 2160 βυρσοπαφλαγών

156 2188 271 2249 notant
292 2204 365 2250 eum
385 2184 627 2268 Paphlagonum
648 2185 699 2249 rel
720 2204 792 2250 eam
813 2167 964 2267 aquilam,
985 2205 1070 2267 quae
1089 2189 1156 2249 tanr
1177 2186 1262 2250 mala
1283 2187 1314 2248 et
1335 2182 1337 2187 ’

156 2310 256 2373 prava
277 2292 317 2355 sit
339 2310 438 2373 quarn
459 2292 594 2355 corium:
617 2291 733 2374 quibus
754 2292 885 2356 vocibus
907 2291 982 2357 Cleo
1002 2292 1149 2356 illuditur.
1281 2296 1285 2302 '

238 2413 615 2497 Πολεμο-λαμαχαϊκόςΑ
624 2417 704 2480 1080
711 2417 832 2480 nomini
839 2416 1048 2482 fundamento
1060 2417 1236 2480 subiectum
1249 2435 1316 2478 esse

154 2523 360 2604 cogitandum
375 2524 421 2586 est
436 2519 670 2586 substantivum
684 2520 984 2604 Holspotdpcqog,
1005 2524 1093 2607 quod
1107 2523 1176 2604 pari
1192 2518 1314 2587 ratione

154 2633 253 2711 atque
284 2648 322 2693 ea
348 2629 541 2710 composita,
576 2648 659 2711 quae
688 2649 785 2712 supra
816 2631 1020 2712 protulimus,
1057 2631 1231 2695 formatum
1253 2633 1313 2705 est3

155 2736 308 2801 adiectivo
328 2739 436 2800 autern
456 2736 509 2800 illo
529 2739 682 2800 notantur
702 2755 750 2815 ea,
770 2756 853 2820 quae
867 2737 1018 2827 Lamachi
1032 2737 1170 2803 bellicosi
1184 2738 1312 2820 propria

155 2845 233 2908 sint:
264 2841 413 2936 Lamachi
437 2861 555 2907 nomen
581 2863 638 2924 per
664 2842 769 2908 iocum
796 2844 840 2909 ita
867 2844 1073 2928 detorquetur
1098 2865 1119 2909 a
1144 2848 1246 2927 poeta.
1275 2880 1311 2889 -

238 2965 404 3032 Accedunt
436 2966 484 3031 his
517 2968 671 3033 nonnulla
701 2969 812 3047 similia
843 2969 991 3048 nomina,
1029 2971 1145 3053 quibus
1175 2974 1206 3034 et
1240 2969 1315 3052 ipsis

164 3071 419 3138 »determinatio«
447 3073 554 3156 aliqua
574 3075 769 3139 continetur:

237 3196 529 3278 Νεφελο-κοκκνγία
550 3198 600 3263 Αν
622 3199 700 3278 821,
722 3200 906 3264 cuculorum
927 3199 1004 3264 urbs
1024 3199 1056 3263 in
1078 3199 1216 3264 nubibus
1238 3219 1314 3264 con·

154 3302 235 3380 dita,
273 3304 362 3368 cuius
388 3303 490 3369 incola
517 3305 701 3370 nominatur
728 3304 1072 3388 Nepete-sonneras&
1096 3305 1317 3396 ψωμο-κόλαξ

152 3409 181 3472 fr
207 3409 268 3474 213
295 3413 341 3474 est
368 3410 394 3473 is
421 3411 492 3493 qui,
520 3415 556 3476 ut
581 3413 744 3492 aduletur,
770 3413 872 3478 frusta
900 3415 1028 3498 accipit,
1055 3415 1121 3494 vel,
1153 3419 1189 3480 ut
1215 3417 1314 3481 frusta

152 3515 294 3598 accipiat,
316 3516 475 3582 adulatur.
1076 3494 1087 3509 '⁵

233 3638 320 3721 Hup’
346 3639 506 3705 ὑπόνοιαν
534 3642 712 3708 adhibitum
743 3624 936 3710 est-''nomen
970 3643 1172 3728 Kato-(dmg
1198 3647 1223 3710 L
1244 3647 1314 3725 397,

153 3747 241 3830 quod
263 3746 384 3812 dictum
403 3753 449 3814 est
472 3769 530 3832 pro
549 3748 733 3833 Βονζνγης,
755 3753 842 3835 quod
864 3755 1082 3834 expectamus3
1105 3771 1169 3835 quo
1184 3753 1312 3817 nomine

152 3851 265 3917 heroes
285 3854 417 3936 quidam
431 3855 473 3919 ab
487 3855 733 3921 Atheniensibus
754 3857 1010 3940 appellabantur:
1032 3857 1182 3923 alluditur
1203 3860 1312 3922 autern

88 4015 90 4018 ,
152 3959 195 4025 ad
208 3959 401 4028 Demostrati
414 3949 578 4028 cuiusdam
592 3964 672 4029 iram
687 3962 818 4047 (χολόν),
839 3984 936 4046 quem
955 3965 1091 4032 eundem
1105 3964 1147 4029 ab
1161 3964 1312 4046 Eupolide

152 4086 285 4151 quoque
305 4066 461 4152 βονζύγην
479 4069 682 4144 nominatum
702 4090 770 4135 esse
792 4071 899 4138 scholii
921 4076 1032 4138 auctor
1053 4071 1196 4137 testatur.
