2940 4492
592 580 727 679 Liber
755 582 873 680 alter

678 753 735 822 qui*
744 756 786 808 est

351 878 407 970 de
430 878 757 954 compositione
779 870 1121 956 Aristophaneo.

234 1125 420 1208 Composita
429 1125 550 1209 Graeca
560 1126 797 1189 autsecundum
806 1125 1314 1206 significationemautsecundum

152 1233 288 1298 formam
305 1232 448 1295 distribui
462 1237 609 1313 possunt,
626 1233 760 1296 formam
772 1233 827 1314 qui
839 1236 1025 1314 sequuntur,
1041 1234 1101 1297 tria
1114 1233 1312 1314 distinguunt

106 1395 107 1398 ,
152 1360 286 1422 genera,
313 1359 396 1421 quae
425 1359 483 1402 nos
513 1359 641 1421 quoque
670 1340 751 1403 infra
779 1343 974 1415 statuemus3
1005 1359 1043 1403 ea
1065 1343 1172 1404 autem
1194 1340 1316 1421 divisio,

153 1466 236 1529 quae
258 1447 299 1509 ad
327 1446 586 1526 significationem
617 1449 754 1526 spectat,
782 1447 904 1509 orditur
929 1446 971 1508 ab
999 1466 1037 1509 ea
1064 1447 1203 1524 ratione,
1231 1466 1315 1529 quae

158 1554 240 1616 inter
257 1553 380 1633 singula
398 1553 644 1633 compositorum
667 1553 814 1616 membra
834 1553 1016 1629 intercedat,
1037 1573 1074 1618 ac
1095 1573 1151 1617 sex
1171 1553 1317 1619 discernit

154 1679 273 1741 genera
303 1659 557 1741 compositioniS,
586 1659 862 1742 copulativum,
893 1659 1164 1740 possessivum,
1195 1660 1316 1725 deter-

152 1767 391 1844 minativum,
437 1766 732 1847 dependentiae,
770 1766 1029 1844 collectivum,
1073 1766 1312 1831 adverbiale:

153 1893 235 1957 quae
265 1873 374 1936 divisio
401 1892 421 1935 a
450 1873 572 1954 Boppio
603 1875 634 1934 et
660 1872 755 1935 lustio
784 1893 823 1936 ex
851 1872 1002 1936 Indorum
1032 1875 1314 1953 grammaticorum

153 1981 238 2044 libris
253 1981 419 2061 desumpta
435 1983 466 2042 et
482 1979 524 2042 ad
539 1980 693 2043 Graecam
709 1980 852 2059 linguam
867 1980 1023 2044 translata
1044 2000 1064 2044 a
1085 1981 1157 2044 viris
1179 1981 1314 2062 doctis*)

154 2089 259 2151 varias
288 2088 320 2150 in
349 2089 455 2167 partes
481 2087 627 2167 paullum
648 2086 816 2149 immutata
839 2089 894 2150 est.
939 2086 1060 2150 Omnes
1080 2107 1154 2152 vero
1175 2071 1315 2152 virorum

158 2195 325 2259 doctorum
345 2193 390 2272 de
412 2193 658 2274 compositorum
683 2192 834 2256 divisione
847 2194 1020 2256 sententias
1041 2197 1072 2257 et
1093 2195 1318 2258 controversias

145 2302 214 2382 ⁸hoc
231 2302 299 2364 loco
314 2304 455 2382 repetere
471 2299 513 2364 ab
535 2300 664 2362 consilio
688 2299 782 2362 huius
804 2300 1031 2363 dissertationis
1053 2301 1177 2364 videtur
1191 2300 1314 2374 abessa

157 2409 343 2490 praesertim
363 2426 437 2470 cum
457 2426 494 2470 ea
514 2406 632 2483 divisio,
655 2425 752 2487 quam
774 2395 1030 2485 nos'statuemus
1052 2408 1113 2472 alia
1135 2408 1175 2470 sit
1195 2411 1226 2470 et
1246 2426 1314 2470 esse

154 2515 278 2579 debeat.
337 2514 484 2594 Namque
521 2513 546 2575 si
583 2513 622 2575 de
659 2513 803 2576 omnium
840 2515 1086 2595 compositorum
1121 2513 1315 2578 Graecorum

155 2622 275 2702 origine
306 2623 337 2684 et
366 2638 427 2683 usu
456 2619 505 2682 vel
534 2618 574 2682 de
603 2619 696 2683 unius
718 2620 927 2702 antiquissimi
949 2624 1063 2701 poetae
1089 2621 1314 2702 compositione

156 2729 333 2811 quaeritur,
364 2727 448 2789 illam
476 2725 679 2804 divisionem,
711 2746 775 2808 qua
804 2728 1022 2790 membrorum
1043 2726 1123 2790 ratio
1140 2730 1315 2808 spectatur,

155 2833 452 2901 esseadhibendam
470 2836 621 2913 apparet:
643 2834 761 2915 quippe
776 2852 839 2914 qua
859 2836 1010 2897 accurate
1029 2837 1197 2909 statuatur,
1218 2852 1317 2914 quarn

155 2941 308 3005 rationem
333 2940 544 3020 componendi
577 2939 685 3019 lingua
718 2940 819 3021 prima
848 2939 897 3003 vel
919 2940 1053 3022 scriptor
1085 2939 1150 3015 ille,
1181 2939 1220 3002 de
1250 2959 1315 3021 quo

156 3048 268 3128 agitur,
283 3046 471 3121 adhibuerit,
495 3065 639 3128 quasque
655 3046 780 3109 vocales
796 3047 1027 3128 compositivas,
1053 3065 1135 3127 quae
1149 3049 1313 3124 vocantur,

153 3153 297 3232 singulae
313 3150 425 3215 classes
441 3153 616 3234 antiquitus
633 3154 765 3217 insertas
779 3153 949 3217 exhibeant
963 3156 1060 3234 atque
1074 3152 1136 3215 alia
1151 3153 1315 3216 eiusmodi.
1389 3183 1391 3188 ·

154 3259 199 3323 At
225 3278 300 3322 vero
315 3287 318 3293 ·
333 3259 409 3322 talia
439 3259 636 3335 discrimina,
666 3259 760 3341 quale
788 3258 881 3336 illud,
910 3259 996 3340 quod
1027 3261 1074 3322 est
1095 3259 1135 3322 de
1156 3260 1317 3324 vocalibus

156 3365 384 3445 compositivis,
413 3366 446 3428 in
466 3365 681 3447 Aristophane
706 3365 758 3428 vix
786 3368 909 3430 servata
939 3369 970 3428 et
992 3365 1140 3430 distincta
1161 3367 1315 3442 invenies;

253 3593 277 3661 *l
296 3593 432 3647 Perutiles
463 3594 529 3647 mihi
557 3598 636 3649 erant
663 3593 905 3650 commentationes
929 3610 946 3646 a
971 3593 1103 3649 Glemmio
1135 3595 1314 3664 conscriptae,

156 3679 257 3743 altera,
282 3692 338 3747 qua
363 3681 396 3733 de
418 3681 574 3748 compositis
594 3698 610 3734 a
629 3681 719 3736 verbis
743 3680 940 3749 incipientibus
962 3680 1072 3750 agitur,
1097 3681 1206 3750 (Gissae
1226 3682 1315 3752 1867),

156 3766 252 3830 altera,
271 3765 314 3819 cui
333 3765 434 3820 titulus
451 3765 623 3820 inscribitur:
645 3755 709 3821 »Die
727 3770 842 3821 neustcn
854 3767 1048 3837 Forschungen
1068 3770 1120 3822 airl'
1135 3771 1198 3824 dam
1217 3768 1315 3824 Gebiet

158 3855 203 3908 der
226 3852 416 3923 griechischen
434 3853 605 3923 Composita«
631 3855 661 3908 in
679 3853 765 3909 Curtii
783 3853 879 3907 studiis
895 3855 930 3907 ad
948 3855 1164 3910 Grammaticam
1183 3857 1314 3910 Graecam

158 3941 185 3994 et
202 3940 337 4004 Latinam,
356 3940 503 3994 voluminis
520 3941 559 3995 Vl
563 3942 583 3995 Ι.
601 3959 664 4012 pag.
684 3945 695 3995 l
715 3959 761 4012 pp.

1026 4077 1027 4080 ,
1121 4036 1138 4088 4
