2940 4492
657 194 677 258 4

175 373 217 436 At
239 376 350 437 contra
376 392 414 437 ea
435 373 590 437 vocabula
613 373 734 437 Graeca
761 373 810 437 vel
833 374 1007 456 composita
1028 371 1075 437 vel
1099 373 1251 449 derivata,

94 498 177 562 quae
200 480 285 543 utin
307 479 527 562 Aristophanis
548 480 662 543 fabulis
684 481 727 547 ita
749 482 781 544 in
802 481 981 563 posterioris
1002 480 1050 544 vel
1072 483 1251 562 postremae

93 587 282 666 graecitatis,
305 606 389 669 quae
409 590 548 664 vocatur,
570 587 757 669 scriptorum
781 588 866 651 lihris
885 589 1098 664 inveniuntur,
1122 587 1163 650 ab
1184 587 1252 669 ipso

93 693 305 775 Aristophane
327 694 479 764 formata.
510 695 551 757 ab
577 693 636 757 illis
665 695 818 758 imitando
841 713 988 776 expressa
1014 714 1080 758 esse
1101 696 1251 776 apparet:

94 819 158 882 quo
174 801 209 864 lit
225 803 260 864 ut
283 801 363 864 haec
383 801 489 864 omnia
510 820 568 864 suo
588 801 659 889 loco*
678 801 846 865 tractanda
866 802 927 865 sint
949 821 1014 865 non
1035 802 1140 864 minus
1154 820 1253 883 quarn

94 926 141 984 ea,
165 926 248 988 quae
269 906 356 987 apud
375 906 495 970 solum
515 907 761 989 Aristophanem
784 908 932 989 leguntur
949 905 1054 988 (ἅπαξ
1071 905 1252 988 λεγόμενα).

160 1013 343 1091 Quoniam,
366 1034 448 1095 quae
460 1013 616 1078 vocabula
635 1033 673 1077 ex
695 1014 914 1077 dissertatione
936 1017 1044 1078 nostra
1058 1014 1254 1094 seiungenda

94 1119 166 1198 sint,
188 1119 428 1198 declaravimus
451 1121 602 1202 sequitur,
624 1123 660 1183 ut
680 1121 719 1184 de
741 1120 801 1184 alio
824 1122 930 1203 aliquo
951 1141 1065 1203 genere
1082 1121 1255 1185 verborum

94 1226 251 1306 dicamuS,
282 1247 365 1311 quae
384 1229 454 1310 ipsa
476 1247 604 1310 quoque
626 1228 668 1291 ab
689 1228 903 1309 Aristophane
926 1248 992 1292 non
1012 1231 1086 1291 sunt
1106 1228 1254 1291 formata.

93 1333 176 1398 Nam
211 1353 275 1416 qua
310 1334 419 1416 hngua
447 1334 676 1416 Aristophanes
707 1336 823 1412 utitur,
863 1355 901 1398 ea
939 1335 1083 1397 omnium
1116 1334 1255 1397 maxime

94 1441 214 1505 accedit
236 1441 278 1505 ad
293 1461 472 1505 sermonem
493 1442 628 1505 atticum
643 1442 840 1523 popularem,
861 1442 905 1504 ila
926 1445 961 1504 ut
981 1441 1162 1504 mirandum
1186 1461 1254 1504 non

92 1548 140 1624 sit,
149 1548 250 1612 rnulta
262 1547 349 1630 apud
362 1547 449 1611 illurn
462 1548 523 1629 legi
531 1547 695 1626 vocabula,
705 1568 787 1629 quae
799 1548 885 1629 apud
898 1548 1073 1628 superiores
1085 1548 1252 1628 scriptores

92 1673 158 1717 non
177 1654 389 1733 inveniuntur,
412 1674 477 1718 non
500 1675 564 1736 quo
587 1675 626 1718 ea
647 1654 870 1736 ignoraverint,
890 1654 945 1717 sed
967 1655 1042 1737 quia
1064 1655 1140 1717 taHa
1157 1672 1252 1717 voca-

92 1761 178 1838 bula,
193 1762 298 1842 qualia
314 1762 354 1825 ad
370 1761 583 1839 domorum,
606 1761 769 1839 culinae,
791 1761 1026 1825 conclavium
1043 1762 1254 1824 instrumenta

93 1868 142 1931 vel
155 1868 197 1931 ad
213 1868 288 1931 alias
299 1869 382 1932 vitae
395 1867 573 1932 communis
587 1866 886 1949 cotidianacqueres
902 1869 1104 1949 rationesque
1116 1868 1254 1949 pertine-

94 1979 160 2052 ant,
183 1975 275 2038 nimis
297 1975 371 2038 trita
394 1994 540 2039 sermone
555 1974 674 2054 volgari
696 1977 726 2037 et
749 1974 819 2037 ideo
837 1973 970 2037 orationi
984 1973 1255 2056 ipsorum—(aut

94 2081 234 2162 tragicae
254 2085 309 2146 aut
328 2082 493 2147 historicae
512 2084 567 2145 aut
583 2079 712 2164 lyricae)
727 2117 767 2125 —
781 2081 911 2143 minime
924 2085 1001 2162 apta
1018 2084 1122 2144 erant:
1144 2084 1254 2146 contra

93 2209 113 2252 a
135 2190 256 2253 comico
278 2193 371 2271 poeta
394 2189 575 2253 huiusmodi
598 2209 648 2253 res
669 2190 786 2270 optime
808 2189 841 2250 in
861 2207 989 2251 scenam
1007 2189 1080 2252 duci
1095 2191 1253 2269 poterant,

93 2295 180 2360 velut
208 2301 406 2380 κριβανίτης,
436 2293 599 2380 κύκηθρον
626 2296 750 2377 aliaque
778 2295 895 2372 multa,
916 2314 999 2376 quae
1029 2295 1114 2377 apud
1135 2295 1255 2377 priores

95 2421 160 2466 non
175 2403 340 2467 inveneris,
378 2403 524 2467 Similiter
540 2403 745 2467 iudicandum
763 2405 809 2465 cst
832 2403 870 2465 de
889 2403 925 2464 iis
947 2402 1117 2481 vocabulis
1140 2401 1256 2483 quibus

95 2528 145 2570 res
173 2509 215 2572 ad
244 2510 399 2573 iudicia
429 2512 459 2574 et
488 2529 622 2574 munera
651 2510 778 2592 publica
809 2510 1000 2592 pertinentes
1029 2508 1256 2590 significantur,

96 2634 233 2697 quorum
261 2608 405 2696 exempla
440 2616 472 2678 in
500 2616 677 2699 Vcsparum
713 2617 909 2699 potissimum
944 2616 1051 2678 fabula
1081 2617 1183 2679 multa
1212 2616 1257 2679 le-

96 2724 222 2803 guntur.
251 2720 339 2786 Haec
353 2722 461 2786 omnia
474 2723 703 2804 Aristophanes
726 2724 782 2786 etsi
805 2724 927 2804 primus
950 2723 1092 2785 omnium
1116 2722 1148 2784 in
1163 2741 1258 2785 usum

97 2829 233 2907 vocavit,
256 2832 365 2893 tamen
387 2849 453 2894 non
475 2830 541 2912 ipse
563 2829 720 2893 formavit.
1091 2885 1093 2890 .

178 2935 321 3017 Denique
351 2956 404 3000 eas
433 2956 545 3015 voceS,
578 2936 722 3018 quibus
758 2933 947 2997 obscoena
982 2935 1087 2997 notio
1115 2935 1257 3016 subest,

97 3062 174 3107 cave
195 3043 237 3106 ab
258 3043 471 3125 Aristophane
493 3043 584 3106 fictas
606 3062 673 3106 esse
694 3044 802 3124 puteS,
824 3041 881 3104 etsi
902 3041 989 3122 apud
1011 3042 1097 3105 hunc
1118 3043 1259 3124 primum

98 3169 202 3232 neque
230 3169 302 3212 raro
334 3150 429 3213 etiam
460 3149 563 3212 solum
592 3149 754 3230 legantur:
787 3148 867 3212 tales
901 3150 984 3211 eninr
1017 3168 1123 3227 vocae,
1147 3151 1259 3232 quales

97 3253 282 3336 κασαλβάς,
303 3254 470 3338 χεζητιάω,
490 3252 679 3333 λαικαστής,
702 3255 844 3319 omnium
865 3255 1003 3317 maxime
1025 3256 1110 3336 apud
1131 3256 1260 3337 plebem

100 3363 253 3426 humilem
282 3362 313 3425 in
343 3382 403 3426 usu
430 3364 520 3425 erant
549 3381 609 3426 nec
631 3362 799 3438 miramur,
829 3361 915 3442 quod
942 3361 1117 3442 superiores
1143 3365 1260 3444 poetae

100 3489 154 3533 eas
184 3489 250 3532 non
279 3473 487 3551 usurparunt:
524 3470 580 3533 scd
608 3469 829 3551 Aristophanis
868 3471 899 3530 et
932 3469 1125 3533 comicorum
1159 3490 1260 3552 opera

99 3576 219 3639 facturn
241 3579 297 3654 est,
319 3579 354 3640 ut
374 3577 471 3640 literis
493 3577 642 3640 inductae
662 3580 693 3640 et
715 3575 805 3639 nobis
828 3578 1032 3638 conservatae
1053 3576 1123 3640 sint.

181 3683 269 3747 Haec
283 3685 450 3762 sententia,
473 3705 570 3767 quarn
586 3685 624 3748 de
639 3682 864 3747 vocabulorum
882 3682 1010 3746 historia
1024 3684 1259 3764 proposuimus

98 3791 131 3853 in
153 3792 333 3854 universum
358 3792 486 3874 quidem
507 3795 593 3855 recta
616 3810 653 3855 ac
675 3809 750 3853 vera
771 3789 894 3851 videtur
917 3810 997 3852 esse:
1019 3794 1162 3853 attamen
1184 3810 1260 3855 cum

100 3896 139 3960 de
160 3897 221 3961 hac
239 3901 306 3962 tota
327 3899 512 3981 quaestione
532 3899 673 3962 doctrina
693 3897 732 3959 sit
747 3897 896 3974 subtilior,
919 3897 1084 3960 attendere
1105 3901 1136 3959 et
1158 3917 1259 3964 aucu-

100 4005 170 4086 pari
199 4007 297 4070 verba
320 4006 488 4088 oportebit.
537 4007 621 4070 Nam
652 4023 758 4068 nonne
794 4004 924 4084 cogitari
957 4006 1077 4085 potest,
1104 4004 1259 4088 pleraque
