2940 4492
675 185 717 249 27

195 363 337 448 ἤτααῖος
357 366 386 433 tr
408 364 483 441 aua,
514 364 601 446 quod
631 364 673 431 ad
702 383 756 427 cor
783 365 913 438 attinet;
943 363 981 427 vd
1009 361 1155 446 ἠτριαῖον
1176 357 1276 425 Athe-

114 491 214 537 naeus
237 472 330 551 &104
343 475 376 541 et
388 472 458 549 336
480 471 617 551 intellegi
632 470 713 535 vult:
735 472 968 551 fragmentum
985 471 1151 553 Ληναΐτρς
1171 470 1276 547 Eser,

114 579 306 645 adiectivurn
328 578 465 643 nominis
482 574 624 660 Λήναια.

196 684 377 766 βληχωνίας
397 684 423 748 Ρ
444 683 515 760 712,
538 703 576 746 ex
596 683 750 748 blechone
771 683 880 747 factus,
903 681 964 747 ἅττ.
986 683 1049 764 toy.

195 791 244 854 IV.
275 791 441 873 Reliqua
462 790 617 857 adiectira
636 793 711 855 sunt
729 789 822 855 haec:

196 897 325 978 γάστρις
345 898 396 961 Av
410 896 507 976 1604,
528 898 584 979 qui
602 914 744 965 cressum
765 901 908 965 ventrem
931 897 1039 974 habet,
1059 897 1171 972 heluo;
1189 895 1275 978 quod

113 1024 232 1071 nomen
255 1005 342 1086 apud
365 1004 481 1073 multos
503 1007 630 1070 autores
650 1006 841 1086 posteriores
862 1005 1030 1069 invenitur.

196 1109 421 1184 noodoihoaoe
443 1111 494 1177 Th
515 1112 589 1189 291,
612 1111 653 1176 de
675 1109 820 1175 πόσθων
840 1131 994 1189 manans,
1022 1112 1147 1175 videtur
1166 1115 1278 1177 notare

113 1238 203 1296 eum,
233 1219 286 1300 qui
308 1237 463 1298 magnum
485 1237 600 1300 penem
622 1218 720 1282 hahet
742 1218 924 1299 (Diodori.);
956 1238 1060 1300 neque
1079 1219 1174 1282 etiarn
1195 1218 1279 1286 male

114 1325 304 1391 Fritzschius
336 1325 471 1391 coniecit
511 1323 724 1407 ποσθάληκος
756 1344 823 1391 esse
852 1325 1055 1391 scribendum
1077 1323 1203 1407 (rauce
1231 1328 1279 1387 est

113 1431 294 1496 ronoubare
323 1451 396 1497 cum
425 1430 536 1513 alqo.):
575 1432 628 1513 qui
658 1432 816 1497 concuhat
849 1451 922 1498 cum
952 1433 1087 1513 penihus
1115 1433 1132 1494 i.
1155 1451 1182 1495 e.
1204 1449 1276 1495 cum

113 1538 197 1616 viris,
220 1539 264 1603 ita
286 1542 323 1602 ut
346 1539 442 1603 etiam
463 1539 649 1603 obscoenior
670 1539 771 1603 subsit
793 1540 959 1603 sententia.

196 1644 360 1711 Postremo
391 1646 460 1709 loco
491 1645 638 1709 addimus
668 1646 790 1727 aliquos
811 1645 1092 1726 superlativus
1124 1646 1155 1707 et
1177 1662 1277 1706 unum

112 1753 431 1834 comparativum,
453 1770 533 1833 quos
554 1752 605 1815 hic
627 1756 721 1834 potita
743 1753 861 1817 comice
883 1751 1036 1815 derivavit
1057 1750 1097 1813 de
1118 1750 1278 1814 adiectivis

111 1858 233 1924 iamdiu
254 1877 314 1922 usu
335 1859 482 1939 receptis:

195 1964 396 2037 ταλάντατος
428 1963 561 2044 (τάλας)
598 1963 635 2029 Pl
665 1964 740 2038 684;
785 1961 965 2036 αὐτότατος
995 1962 1126 2044 (αὐτός)
1158 1962 1194 2025 Pl
1224 1963 1278 2035 833

112 2070 298 2152 μονώτατος
320 2056 443 2154 (μόνος)
464 2071 501 2134 Pl
522 2072 598 2158 1823
622 2048 840 2143 (τανατότατος
861 2071 889 2134 fr
910 2071 1000 2146 259b3
1034 2074 1280 2150 προτεραίτερος

112 2180 254 2257 Ε1165,
288 2180 406 2261 duplex
438 2178 674 2260 comparativus
705 2179 825 2241 cornice
855 2178 960 2252 lictus3
1000 2181 1279 2259 μονοφαγίστατος

101 2278 212 2351 'V923
234 2285 323 2367 (narn
346 2286 529 2368 superlativi
553 2285 640 2349 notio
661 2285 725 2353 iam
746 2285 778 2347 in
797 2306 891 2364 μονο
913 2304 990 2349 voce
1011 2283 1113 2364 inest).

542 2470 578 2526 Γ.
610 2462 879 2528 Ρτοτοοτνταοα.

185 2594 414 2676 Praeterquam
425 2596 513 2677 quod
525 2595 697 2659 nonnullae
708 2595 830 2661 formae
843 2594 1078 2677 pronominales
1088 2614 1127 2657 ex
1138 2593 1279 2657 dialectis

113 2700 264 2765 Boeotico
277 2704 308 2764 et
319 2701 433 2766 Dorica
452 2703 577 2784 petitae,
586 2701 713 2766 aliunde
733 2721 860 2784 quoque
876 2705 982 2778 notae,
997 2700 1154 2782 leguntur,
1176 2719 1278 2763 unum

113 2807 175 2872 hoc
202 2808 290 2889 quod
319 2807 490 2872 adnotetur
512 2808 644 2889 dignum
666 2811 725 2885 est,
747 2809 834 2891 quod
857 2807 1089 2890 Aristophanes
1110 2809 1280 2878 τοννοῦτος

113 2914 292 2995 (tantillus)
320 2935 497 2996 pronomen
525 2916 647 2996 prirnus
677 2914 836 2980 literarum
865 2914 935 2979 usui
967 2914 1073 2979 intulit
1100 2917 1132 2978 et
1153 2914 1277 2995 saepius

114 3023 291 3104 usurpavit:
334 3042 417 3104 quae
450 3041 512 3087 vox
548 3023 587 3085 de
620 3010 733 3095 τῦννος
761 3021 882 3103 (forrna
917 3022 1025 3085 dorica
1061 3041 1118 3103 pro
1155 3018 1277 3101 μικρός)

114 3128 308 3192 descendens
343 3129 384 3197 ad
422 3129 603 3210 analogiam
641 3112 865 3210 pronominum
897 3130 1055 3203 τοιοῦτος,
1098 3124 1280 3207 τηλικοῦτος

115 3235 270 3312 formata,
292 3236 335 3299 ab
362 3236 423 3300 hoc
451 3241 545 3318 poeta
573 3237 672 3301 sexies
699 3236 762 3300 fere
785 3235 967 3299 adhibetur:
996 3233 1132 3299 uram.
1156 3233 1194 3297 N.
1218 3234 1280 3296 878

114 3341 146 3405 R
170 3342 228 3406 139
249 3342 380 3423 aliisque
401 3341 487 3406 locis.
1165 3344 1167 3350 '

228 3526 265 3584 A.
294 3521 498 3585 Artverbr'rr
526 3527 563 3583 et
585 3521 821 3600 particulae
849 3520 1169 3585 exemplationis.

197 3652 318 3730 Quarto
355 3653 422 3717 loco
458 3652 696 3734 complectimur
731 3651 881 3715 adverbia
916 3655 948 3714 et
977 3651 1161 3733 particulas,
1194 3671 1278 3734 quae

115 3762 288 3836 vocantur,
323 3759 587 3823 exclamationem
617 3759 843 3839 exprimentes
880 3778 963 3840 quae
994 3758 1036 3823 ab
1065 3757 1278 3839 Aristophane

114 3864 181 3929 solo
210 3869 406 3949 usurpantur
427 3865 476 3928 vel
504 3864 547 3929 ab
576 3884 613 3929 eo
645 3865 678 3928 in
708 3865 849 3945 linguam
878 3865 1007 3929 inducta
1035 3868 1117 3928 sunt.
1170 3864 1277 3929 Haec

115 3973 240 4039 omnia
263 3974 339 4039 fere
360 3968 420 4034 ἅττ.
442 3972 504 4052 lay.
526 3974 622 4035 sunl.
