2956 4492
598 202 721 275 ,19

118 382 253 446 alteram
275 387 398 465 partem
413 383 549 448 nominis
566 383 783 467 compositi-ex
797 381 923 446 duobus
935 383 1095 447 membris,
1134 383 1281 467 (τορελλῇ

118 508 243 566 verum,
266 490 352 572 quod
373 490 486 554 eodem
509 491 619 554 locoa
647 488 862 570 grammaticis
892 490 1023 567 citatur,
1051 489 1128 555 nihil
1149 495 1197 555 est
1218 491 1278 555 nisi

117 596 302 661 adverbium
339 598 588 676 exclamationis,
624 596 802 660 derivatum
830 595 870 659 de
908 597 1037 661 nornine
1075 596 1210 680 σορέλλη
1237 633 1276 642 -

117 702 270 785 Hoeych.:
308 701 505 786 ἐπιφώνημα
531 701 727 786 θρηνητικὸν
755 701 926 785 01)ιόιύλῷ
946 701 1105 787 Θρηικικόν
1132 739 1169 750 -
1199 724 1276 770 nam

117 811 204 893 quod
225 825 247 874 σ
267 830 340 874 oum
361 833 380 871 ο
402 811 490 875 litera
511 814 636 874 mutata
657 811 743 875 libris
764 812 913 889 traditur,
934 812 1012 875 nihii
1032 811 1134 888 valet3
1156 831 1275 877 nomen
1353 794 1359 805 ⁸

116 917 192 980 iilud
205 913 265 978 ἅπ.
273 917 336 997 iay.
350 916 617 998 Aristophaneum
630 922 687 996 est,
700 936 773 983 cum
786 918 846 982 hoe
861 918 989 982 adverb.
1005 919 1091 1001 apud
1104 919 1276 1000 Diogenem

116 1022 275 1088 laertium
297 1022 393 1087 semei
416 1024 603 1088 inveniatur.

157 1236 186 1284 a.
228 1220 349 1286 neutra
363 1220 456 1284 huius
471 1220 604 1300 generis,
616 1221 724 1284 omnia
739 1221 771 1284 in
786 1241 868 1282 -ειοο
882 1221 1039 1298 exeuntia,
1054 1224 1128 1285 sunt
1140 1222 1232 1290 haee:

200 1343 346 1425 φυλλεῖα,
367 1342 419 1420 τά,
442 1343 471 1406 A
485 1344 547 1407 469
563 1344 601 1407 Pl
618 1345 690 1424 544,
706 1344 929 1425 intelleguntur
944 1345 1071 1409 frondes
1085 1364 1123 1409 ac
1137 1346 1273 1427 plantae.

199 1449 333 1532 λοφεῖον
354 1449 383 1513 Α
406 1450 494 1526 1109,
515 1450 670 1531 significat
690 1449 806 1527 locum,
828 1469 893 1532 quo
914 1454 1059 1515 servatur
1081 1452 1183 1530 erista,
1204 1454 1222 1516 i.
1246 1473 1273 1517 e.

115 1556 282 1640 pharetra3
305 1557 392 1638 quod
412 1575 531 1620 nomen
553 1556 608 1621 Ar.
631 1558 761 1639 primus,
783 1576 849 1622 non
871 1556 955 1621 solus
975 1562 1117 1640 usurpat.

198 1660 335 1727 sindana
356 1665 385 1729 A
406 1665 483 1740 869,
512 1665 625 1728 eadem
654 1665 782 1728 notione
804 1684 841 1729 ac
863 1685 980 1729 nomen
1002 1661 1121 1746 ἄνθος,
1150 1666 1274 1749 dequo

114 1772 271 1853 originem
292 1773 387 1849 ducit,
410 1776 600 1853 usurpatum
622 1776 679 1834 est.
702 1768 762 1833 ἅπ.
784 1771 847 1852 tay.

201 1877 362 1940 σκιάδειον
376 1878 401 1941 Ε
415 1879 503 1956 1318,
526 1899 546 1943 a
568 1877 641 1940 οκιοὲ
662 1898 798 1943 manans
820 1883 909 1944 notat
931 1880 1165 1957 umbraculum,
1188 1879 1274 1963 quod

113 1985 190 2050 inde
212 1985 255 2049 ab
276 1984 330 2049 Ar.
353 1987 458 2050 aetate
479 1986 512 2047 in
532 2005 626 2050 usum
648 1987 754 2049 venire
774 1986 885 2068 coepit.

198 2090 365 2171 ὀρνίθειον
386 2091 414 2154 fr
436 2091 497 2155 358
518 2087 578 2153 ἅπ.
600 2090 675 2172 iay,
696 2091 793 2170 locus,
815 2111 879 2174 quo
900 2095 1068 2155 morantur
1088 2110 1170 2155 aves.

552 2305 583 2371 d.
626 2304 839 2372 deminutiss.

198 2431 364 2495 Accedunt
384 2432 457 2495 huic
479 2433 567 2497 classi
588 2431 868 2509 substantivorum,
890 2448 988 2514 quam
1011 2431 1101 2494 litera
1121 2431 1148 2494 B
1169 2432 1274 2512 signa·

113 2539 228 2617 vimus,
249 2539 311 2603 aiia
327 2538 485 2622 quaedam
501 2539 632 2602 nomina
643 2541 673 2602 et
689 2539 756 2620 ipsa
772 2537 1016 2614 denominativa,
1039 2556 1122 2620 quae
1136 2538 1273 2621 plurima

113 2647 148 2708 in
170 2646 223 2708 Ar.
245 2644 361 2709 fabulis
382 2645 546 2726 leguntur,
572 2645 858 2724 deminutive*).
904 2644 995 2722 Quae
1016 2646 1148 2710 nomina
1176 2664 1273 2728 quarn

112 2753 219 2816 varias
238 2751 488 2832 significationes,
509 2771 606 2834 quam
623 2752 743 2815 variam
758 2753 824 2814 vim
846 2752 963 2817 babere
978 2752 1108 2834 possint,
1125 2771 1164 2817 ex
1178 2752 1272 2816 huius

112 2860 229 2942 poetae
252 2861 361 2923 comici
382 2858 531 2940 exemplis
550 2859 600 2922 vel
624 2860 761 2922 maxime
784 2860 929 2941 cognosci
950 2863 1061 2942 potest,
1083 2878 1179 2941 quem
1201 2879 1277 2942 prae

112 2967 228 3031 ceteris
261 2967 443 3031 auctoribus
476 2969 507 3030 et
539 2967 639 3048 poetis
673 2966 740 3030 illas
770 2968 887 3030 formas
921 2967 1058 3030 maxime
1089 2985 1213 3031 amasse
1244 2972 1275 3030 et

110 3092 208 3155 saepe
237 3091 405 3156 usurpasse
438 3075 571 3136 constat.
624 3072 733 3154 Neque
762 3072 848 3135 enim
879 3075 1005 3137 tantum
1030 3072 1072 3137 ad
1094 3074 1271 3138 notandam

111 3199 184 3243 rem
211 3199 283 3243 vere
311 3199 446 3260 parvam
473 3179 522 3243 vel
548 3179 717 3258 minorem,
754 3198 853 3261 quam
881 3179 1039 3261 reliquae,
1076 3179 1271 3245 deminutiva

212 3422 237 3492 ⁸)
256 3422 326 3476 Tota
349 3421 384 3475 de
409 3421 598 3478 deminutione
624 3422 749 3491 quaestio
775 3423 881 3492 copiose
907 3422 1076 3492 perlustrata
1095 3426 1136 3478 est
1153 3425 1182 3478 in
1201 3425 1271 3480 Lud

109 3507 281 3565 Schwabii
299 3508 332 3562 de
350 3507 482 3562 deminui.
502 3509 595 3564 Graec.
615 3513 643 3565 et
661 3509 750 3564 latin.
769 3508 967 3563 dissertatione.
986 3508 1071 3573 (Giss.
1091 3510 1178 3581 1859).
1219 3512 1272 3567 Hic

108 3595 157 3650 vir
174 3595 270 3649 doetus
286 3594 341 3648 tria
358 3595 554 3649 deminutionis
570 3613 678 3667 genera,
694 3612 764 3664 quae
783 3596 818 3649 ad
836 3594 975 3649 notionem
989 3596 1155 3665 pertineant,
1174 3598 1270 3652 distm-

109 3681 189 3752 guit:
210 3681 309 3735 demin.
328 3681 440 3750 propria
457 3685 593 3751 (μειωςιο),
617 3683 686 3736 dem.
707 3682 1025 3754 transsumpsisse),
1045 3684 1071 3738 d.
1090 3686 1269 3754 contemptim

108 3770 247 3838 usurpata
272 3774 487 3840 (ιατοφρόιηςις)ι
512 3786 628 3837 qnorum
654 3768 772 3822 alterum
799 3772 827 3823 et
852 3768 967 3822 tertium
992 3787 1078 3840 genus
1099 3769 1218 3824 maxime
1239 3769 1269 3825 in

109 3855 198 3912 Arist.
222 3856 369 3912 dictionem
397 3857 493 3911 cadere
518 3854 586 3909 mihi
613 3855 730 3909 videtur.
772 3854 847 3919 Quae
871 3855 1028 3910 distributio
1052 3873 1113 3911 oum
1136 3856 1214 3911 nobis
1232 3858 1268 3912 ab

24 3932 34 3949 ⁶
108 3943 194 4000 huius
212 3941 411 3998 dissertationis
429 3942 542 3998 consilio
562 3942 653 3996 atiena
665 3958 721 3996 esse
735 3941 873 4007 rideatur,
890 3941 1073 4011 praetulimus
1086 3942 1178 4008 aliam,
1197 3958 1268 4011 quae

109 4050 131 4088 a
147 4030 208 4087 sola
225 4030 338 4085 forma
355 4030 588 4086 deminutivorum
602 4027 788 4100 proficiscitur.

1027 4123 1062 4179 2*
